4108 4754
332 523 541 607 oratoribus,
575 527 668 592 solut
688 525 909 596 Demostheni
926 531 967 594 et
988 525 1153 596 Aeschini
1175 524 1258 592 hano
1285 527 1394 594 lueom
1425 524 1614 606 ah'rdeisse,
1649 526 1683 592 in
1707 527 1793 593 aiios
1825 551 1830 558 ¹

333 651 398 695 non
415 649 655 718 usquequaque
673 627 833 710 diffusos,
852 625 923 695 sed
945 651 1010 698 non
1032 629 1099 696 nisi
1121 650 1217 696 raros
1243 651 1381 732 sparsos
1403 650 1477 696 esse
1501 628 1627 696 radios.
1658 629 1793 718 ,Itaque

332 725 397 798 noh
415 752 480 797 una
493 738 547 797 est
562 729 842 799 emendandorum
859 739 1030 800 oratorum
1045 731 1156 812 ratio,
1178 730 1237 797 sed
1252 713 1431 798 admodum
1446 729 1589 800 diversa.
1626 731 1792 820 Quoniam

176 881 198 908 a
307 833 417 898 -euim
441 832 484 900 ad
507 835 676 902 orationes
698 834 940 924 Antiphontis,
972 834 1183 930 Andocidis,
1213 831 1339 923 Lysiae
1369 841 1471 922 atquo
1501 857 1540 900 ex
1570 846 1667 924 parte
1691 837 1792 904 otiam
1871 887 1873 892 .

331 934 512 1018 Dinarchi,
534 938 685 1027 Lycurgi
698 943 733 1004 et
745 935 835 1006 Isaei
850 959 891 1003 ne
906 937 1092 1005 aBekkoro
1107 933 1242 1026 quidem
1259 944 1311 1004 tot
1326 959 1364 1004 no
1378 939 1466 1004 tales
1485 947 1566 1006 sunt
1584 939 1716 1008 eodioes
1736 936 1794 1004 ad·
1857 1003 1863 1010 .

330 1038 451 1121 hihiti,
481 1049 524 1105 nt
550 1060 570 1105 a
592 1041 763 1132 plerisque
794 1047 885 1106 eerte
911 1039 1003 1107 uitiis
1033 1047 1196 1129 purgatae
1218 1062 1293 1108 esse
1313 1039 1505 1123 videantur,
1539 1052 1794 1110 consentaneum

334 1147 404 1222 est,
425 1140 460 1207 in
475 1141 526 1208 his
542 1143 736 1211 emtoribus
751 1143 856 1209 latius
873 1147 1041 1232 pertinere
1057 1145 1325 1210 oonieoturarum
1346 1151 1380 1211 et
1396 1144 1624 1232 suspicionum
1644 1167 1795 1232 regnum,

334 1266 434 1333 quam
446 1246 481 1310 in
498 1243 698 1328 Aeschinis,
717 1245 975 1327 Demosthenis,
995 1245 1156 1315 Isocratis
1178 1246 1408 1330 orationihus,
1432 1249 1609 1336 inquibus
1628 1251 1797 1336 corrigen-

334 1347 387 1413 dis
403 1345 586 1413 curandum
603 1357 657 1415 est
676 1345 809 1438 potius,
835 1356 874 1414 ut
895 1351 948 1416 vel
967 1351 1159 1442 scripturae
1180 1349 1382 1438 optimorum
1402 1351 1567 1418 librorum
1590 1350 1798 1438 diligentius,
1834 1367 1836 1373 ’

335 1471 434 1538 quam
452 1450 574 1516 foetum
591 1459 643 1517 est
657 1456 774 1533 antea,
797 1451 1037 1536 restituantur,
1066 1455 1119 1521 vel
1142 1453 1173 1519 si
1195 1453 1420 1544 minus-ipsae
1440 1475 1553 1522 veram
1577 1457 1721 1545 speeiem
1744 1453 1799 1521 re-

333 1555 462 1633 ferant,
484 1575 524 1620 ex
546 1553 590 1620 iis
611 1575 689 1621 vera
710 1553 840 1642 speeies
855 1565 1014 1633 eruatur,
1036 1554 1301 1643 ridendumque,
1323 1579 1365 1624 ne
1380 1557 1546 1638 eodioem,
1567 1565 1734 1626 tenentem
1756 1557 1799 1625 il·

334 1657 404 1722 lurn
419 1655 552 1744 quidem
566 1655 672 1742 proha
691 1656 796 1722 multa
812 1662 946 1745 atquea
966 1669 1155 1728 ceterorum
1169 1658 1267 1730 eodd.
1285 1659 1454 1728 mendosis
1474 1663 1654 1749 seripturis
1678 1663 1800 1728 mirum
1874 1695 1882 1705 ,

256 1839 262 1844 .
336 1768 498 1848 quantum
513 1759 747 1841 abhorrentia
767 1757 827 1826 sed
845 1781 942 1848 quem
961 1768 1073 1830 tamen
1090 1763 1280 1832 accuratius
1296 1785 1367 1831 rem
1386 1766 1595 1854 perscrutati
1616 1766 1801 1857 interpola·
1854 1792 1856 1802 ·

334 1869 407 1928 tum
421 1882 495 1928 esse
507 1883 691 1945 cernimus
715 1884 865 1929 normam
882 1865 980 1951 quasi
1000 1889 1181 1956 ponamus,
1203 1887 1303 1956 quam
1326 1887 1345 1934 e
1367 1857 1521 1958 vestigiis
1544 1888 1748 1957 sequamur:
1764 1865 1801 1935 id
1848 1943 1851 1952 ,
1882 1929 1883 1936 ,

330 1963 425 2052 quod
446 1964 585 2032 uberius
609 1962 924 2034 demonstrabimus.
947 1994 1018 2018 -’

439 2068 491 2138 Ut
518 2069 605 2135 enim
632 2070 693 2138 illa
721 2093 824 2160 quae
837 2073 1064 2141 notavimus
1053 2094 1087 2140 ιιι
1118 2073 1310 2142 oratoribus
1337 2033 1555 2142 reeensendis
1575 2075 1657 2141 vitia
1684 2095 1800 2140 revera

336 2175 516 2240 eommissa
540 2193 617 2240 esse
638 2175 820 2264 prohemus
847 2197 982 2262 quaque
1006 2197 1044 2241 ea
1068 2177 1200 2240 ratione
1223 2157 1376 2239 evitanda
1398 2177 1470 2240 sint
1490 2174 1722 2255 ostendamus,
1748 2182 1801 2242 ta·
1818 2195 1822 2200 ·

335 2278 380 2345 lis
402 2279 469 2344 erit
490 2276 589 2343 huius
618 2277 815 2365 scriptionis
839 2275 939 2352 ordo,
971 2289 1016 2364 ιιι
1042 2282 1185 2356 primum
1212 2275 1358 2334 codicum
1379 2279 1592 2374 quomdam,
1628 2269 1802 2342 sectandum

335 2403 414 2466 quos
432 2383 635 2460 singularum
657 2384 837 2440 orationum
858 2386 915 2436 out
936 2359 1100 2436 erutorum
1122 2377 1273 2435 instituta
1294 2383 1438 2442 recensio
1457 2391 1525 2454 est,
1546 2379 1720 2446 achlesiam
1733 2399 1802 2448 ctae

328 2483 440 2566 fidem
467 2475 675 2560 efficientem
696 2471 827 2556 ,deinde
858 2479 992 2556 optimos
1011 2475 1135 2537 codices
1160 2493 1274 2558 porum
1292 2473 1403 2543 adhue
1431 2483 1607 2564 diligenter
1625 2485 1802 2565 religiosa.

338 2605 400 2668 que
426 2591 594 2664 usurpatos
621 2597 688 2640 esse
709 2589 1005 2642 eommomtremusa
1042 2575 1180 2663 denique
1201 2583 1401 2645 coniecturas
1427 2589 1461 2645 io
1490 2586 1574 2648 iocos
1595 2599 1708 2671 aperte
1730 2607 1803 2650 eor-

337 2697 468 2769 reptos,
496 2680 671 2784 quibusque
700 2701 722 2744 o
749 2679 841 2746 tibris
865 2701 959 2749 moer.
991 2685 1126 2746 sulutem
1156 2683 1279 2746 nullom
1307 2687 1453 2750 uidemus
1481 2689 1634 2770 attotam,
1672 2690 1802 2755 smon-

337 2809 461 2877 ΨΜ·
483 2821 527 2836 ““

995 3121 1092 3194 cm.
1125 3121 1158 3194 Ι.

361 3295 422 3358 on
449 3289 562 3354 mon
591 3281 782 3351 coniers
815 3235 1167 3371 ιιιιιιιιιιιιιιιι
1197 3279 1300 3365 eru
1328 3281 1465 3367 susm
1497 3285 1559 3350 nu
1588 3287 1784 3356 coniers
1861 3275 1868 3282 ’

612 3385 748 3452 naon
780 3385 793 3446 1
826 3383 876 3448 ιιι
906 3383 1155 3464 nsscfflnn
1187 3386 1528 3498 arenosorum,

1089 3571 1122 3636 1.

674 3685 731 3741 DE
755 3683 860 3738 FIDE
885 3569 1122 3740 conldis
1100 3683 1424 3743 LAURENTIANI
1451 3691 1481 3748 C·

338 3802 423 3890 Etsi
446 3807 686 3888 aeodratiorem
707 3815 875 3898 eodioum,
896 3835 983 3906 quos
1004 3815 1153 3883 eontulit
1170 3815 1368 3894 dimiseras,
1395 3818 1651 3908 dasoriptionem
1674 3825 1804 3894 frustra

277 4001 282 4004 ,
339 3927 548 4016 quaerimus,
582 3931 755 3992 temones
781 3920 866 4011 ip'sis
898 3939 1013 3984 eorum
1039 3919 1219 4010 seripturis
1240 3939 1306 3986 non
1327 3929 1381 3990 est
1409 3923 1458 3989 ita
1480 3921 1634 4007 diffieile,
1666 3929 1802 4016 quinam

343 4029 413 4099 sint
426 4029 504 4097 eliis
524 4025 810 4120 praestantiores,
831 4043 1040 4112 eognoseere.
1050 4021 1119 4090 dte
1134 4032 1230 4090 n'emo
1249 4032 1303 4091 est
1316 4027 1351 4092 in
1362 4027 1505 4093 leotione
1522 4034 1692 4098 oratorum
1707 4034 1805 4110 Atti-

341 4151 456 4203 eorum
471 4133 532 4202 sel
553 4132 797 4224 aliquantisper
811 4134 987 4211 vorsatus,
1013 4126 1094 4216 quin
1112 4126 1261 4196 sodieom
1279 4135 1309 4196 Σ
1330 4129 1365 4196 in
1383 4127 1655 4202 Demosthenieis
1677 4139 1803 4208 eratio-
