4122 4944
343 1871 472 2076 Ωιι
461 1957 496 2021 in
520 1963 593 2022 arte
615 1957 732 2024 critica
755 1959 940 2030 lectitanda
962 1961 1060 2027 hodie
1082 1968 1278 2044 vereantur,
1308 1966 1463 2053 plerique
1480 1975 1571 2038 recte
1591 1971 1745 2041 renuunt
1763 1972 1809 2045 ud

344 2059 529 2150 ipsoeesee
542 2059 653 2126 tontes
669 2057 897 2138 redeundum,
920 2063 1118 2150 equinus
1106 2083 1182 2148 npsa
1204 2063 1265 2130 illa
1286 2087 1343 2132 ars
1362 2069 1461 2153 quasi
1482 2056 1681 2156 profluxerit
1703 2082 1806 2162 atque
1947 2060 1951 2075 ⁸

344 2164 571 2245 emanaverit,
598 2161 707 2230 libros
731 2159 807 2230 dico
833 2185 933 2230 manu
955 2165 1123 2254 scriptos,
1155 2164 1279 2252 quibus
1300 2187 1409 2256 nuper
1438 2172 1629 2238 accuratius
1656 2177 1805 2260 collatis,

344 2263 543 2354 diligentius
561 2265 802 2356 pervestigatio
824 2274 925 2355 atquc
946 2269 989 2336 alr
1011 2263 1256 2357 interpretibus
1275 2291 1351 2340 cunr
1375 2273 1502 2341 ruaiore
1523 2283 1559 2342 et
1579 2299 1672 2347 cura
1681 2285 1718 2348 et
1738 2279 1805 2351 lide

302 2379 306 2388 '
344 2370 520 2460 usurpatis
540 2372 709 2457 cognitum
730 2376 804 2451 est,
823 2381 908 2458 quot
922 2371 1125 2438 coniecturis
1142 2371 1322 2440 inutilibus
1342 2363 1506 2442 saevitura
1527 2379 1627 2450 sitin
1648 2380 1806 2469 antiquos

342 2475 530 2564 scriptores
559 2482 752 2564 quantoque
782 2471 973 2560 corrigendi
994 2474 1104 2540 omnia
1126 2482 1161 2540 et
1182 2473 1280 2562 qnasi
1304 2475 1484 2544 arrodendi
1504 2479 1620 2548 studio
1642 2501 1679 2550 ao
1701 2506 1806 2572 paean

344 2579 481 2664 pruritu
500 2578 554 2644 nei
575 2578 644 2644 sint
664 2576 792 2657 critici,
822 2577 883 2642 alii
904 2577 1051 2655 scilicet,
1074 2583 1113 2648 ut
1134 2579 1384 2664 sagacitatem
1372 2581 1499 2666 ingenii
1518 2583 1573 2652 vel
1594 2585 1805 2656 alacritatem
1914 2657 1916 2662 ,

345 2683 573 2758 ostentarent,
602 2679 662 2744 elii
683 2674 784 2742 nimia
809 2698 846 2746 ao
868 2697 1093 2764 praepropera
1114 2679 1185 2744 reri
1204 2680 1390 2767 arripiendi
1411 2684 1598 2772 eupiditate
1619 2691 1805 2807 marcenti.

346 2780 416 2850 Sed
431 2788 471 2846 ut
483 2782 534 2862 fit,
552 2782 615 2847 hoo
628 2781 747 2848 vitium
763 2778 841 2844 durn
861 2777 1166 2845 animadverterunt
1181 2779 1280 2868 facilc
1297 2791 1461 2869 cauteque
1475 2790 1686 2868 evitarunt,
1674 2812 1709 2858 ιιι
1724 2814 1805 2859 con

344 2884 486 2952 trariurn
501 2883 633 2973 delapsi
652 2892 688 2949 et
702 2887 883 2986 tantopere
898 2880 1105 2967 quorundam
1123 2863 1345 2968 praestantia
1352 2884 1503 2951 codicum
1520 2911 1620 2957 mser.
1639 2913 1678 2958 ae
1691 2896 1805 2983 splen-

344 2986 426 3054 dore
440 2988 530 3078 capti
552 2994 632 3053 sunt
655 3009 693 3052 ao
714 3006 819 3074 paene
841 2984 1029 3060 occaecati,
1050 2993 1088 3050 ut
1110 2991 1170 3050 aut
1191 3005 1278 3071 quae
1299 2985 1459 3074 explicari
1482 2995 1517 3053 et
1539 2995 1693 3061 excusari
1710 2999 1805 3064 nullo

344 3095 445 3180 pacto
464 3094 621 3177 possent,
643 3089 849 3178 explicarent
872 3087 907 3154 et
929 3095 1144 3171 excusarent,
1175 3086 1273 3154 modo
1294 3091 1464 3154 essentia
1487 3089 1556 3155 illis
1577 3091 1676 3160 libris
1691 3117 1805 3188 reper-

309 3201 313 3218 ⁴
345 3202 399 3273 ta,
411 3201 479 3260 out
491 3216 577 3282 quae
590 3192 725 3260 etiamsi
738 3191 772 3257 in
789 3190 961 3258 codicibus
978 3199 1112 3282 reperta
1126 3135 1282 3257 dmnihus
1295 3199 1407 3257 tamen
1421 3190 1596 3258 ollensioni
1611 3216 1687 3262 esse
1701 3198 1803 3268 debe-

233 3371 239 3388 .
346 3302 439 3374 rent,
470 3297 679 3382 negligerent
700 3298 802 3384 atque
825 3294 952 3362 intacta
974 3296 1220 3384 relinquerent,
1250 3291 1398 3380 deniqne
1424 3295 1562 3382 siquae
1585 3299 1803 3385 elegantiora,

346 3397 539 3484 argutione,
561 3400 798 3479 insolentior-e,
821 3407 923 3487 atquo
946 3397 1132 3486 impropria
1155 3383 1471 3488 deprehendissent,
1501 3403 1713 3484 grammatici
1734 3429 1805 3473 ma·

344 3523 423 3570 num
437 3522 503 3567 non
517 3508 752 3584 agnoscerent,
776 3501 834 3589 qui
850 3500 956 3586 rnagie
973 3499 1101 3568 Graece
1118 3506 1177 3566 aut
1190 3497 1328 3578 Latine,
1352 3521 1449 3586 quarn
1465 3502 1539 3590 ipse
1552 3505 1701 3594 scriptor
1712 3509 1811 3629 loqui

343 3602 686 3696 voluisserideretur.
708 3643 752 3656 -
799 3603 894 3692 Quae
916 3599 1086 3691 quidem
1066 3623 1166 3688 quum
1188 3602 1314 3669 inaliis
1332 3602 1555 3690 scriptoribus
1576 3613 1648 3674 turn
1663 3611 1805 3677 maxime
1940 3671 1949 3682 ,

210 3721 211 3726 ’
342 3711 377 3776 in
392 3707 730 3777 oratorihnsAtticis
754 3708 932 3774 ohservare
950 3707 1046 3774 licet:
1077 3713 1254 3794 postquam
1277 3707 1363 3770 enirn
1390 3703 1486 3774 lmnr.
1504 3706 1681 3779 Bellerus
1702 3714 1806 3778 mole.

343 3812 551 3892 maenae.
571 3835 613 3880 re
626 3811 737 3884 disere
751 3811 964 3884 fastidiosum
979 3807 1130 3879 laborem
1146 3831 1222 3884 oon
1234 3807 1590 3885 collationelibanrnnr
1609 3835 1709 3884 mser.
1725 3835 1803 3888 cera

343 3919 496 3994 irruet-unu
520 3915 692 4006 suscepit,
702 3923 921 4004 =snsoeptonu
939 3912 1077 3984 fortiter
1096 3910 1285 4001 superavit,
1319 3909 1425 3986 maior·
1453 3913 1489 3990 in
1511 3913 1584 3998 dies
1605 3934 1735 4002 opera
1729 3914 1804 3987 deri

343 4028 470 4112 coepto
465 4025 548 4101 uc,
568 4027 609 4092 nt
622 4042 643 4089 e
657 4019 812 4110 ungulis
818 4024 909 4086 cocto
925 4013 1117 4090 amonitus
1130 4017 1256 4096 neuim
1277 4013 1707 4102 coduscanorum,
1728 4019 1803 4108 ppi-

345 4122 411 4194 buo
432 4124 577 4194 mulae
597 4123 753 4196 instent
772 4123 957 4194 cocomati.
1009 4117 1077 4189 Sed
1099 4119 1182 4199 hene
1203 4117 1395 4282 ιιιιιιιιιίιιριε
1404 4125 1478 4202 out
1505 4103 1662 4208 ungulis
1672 4127 1803 4203 nutura
