4122 4944
1692 311 1737 456 23

275 493 519 579 deFalsaLeg
535 494 561 574 §.
578 475 1094 579 136361633363363333
1112 489 1304 579 6απῆλ3,εν
1325 515 1513 618 quanquam
1530 493 1549 564 6
1566 501 1624 580 μὲν
1639 519 1658 564 3
1664 447 1727 589 pr.

271 601 429 668 Sahest:
451 597 574 685 idque,
586 604 629 663 ut
641 596 770 686 opinor,
791 583 892 669 recte.
915 595 1125 665 connector
1138 601 1293 665 estenim
1306 601 1427 680 oratio,
1446 601 1501 666 oui
1516 600 1730 691 potissimum

271 704 324 770 laic
343 723 429 771 usus
449 699 1180 821 3333361333331633134131333333313.
1224 702 1296 772 cn.
1305 702 1403 772 Phil.
1423 703 1489 774 III'.
1511 705 1608 785 664.
1629 707 1733 790 sigot-
1747 753 1753 764 .

272 829 336 936 ρειν
357 809 512 887 ἐκέλευον,
538 804 623 871 316
640 791 960 888 odoaacatoaaoc·
993 791 1732 894 πὀ13μεΐννιιιῐμι1πισιενέιν,οἶδ’ἄγεινεῖ-

160 985 163 995 ,
273 909 382 997 pinna,
409 909 467 986 ἕως
488 898 766 992 fyaoittiphqooa.
789 905 940 976 Proerna
952 907 1121 976 Homerus
1137 907 1180 978 Il.
1195 909 1321 990 XXII,
1343 911 1420 978 137.
1503 1001 1505 1005 ι

453 1021 491 1103 τῇ
511 1008 552 1100 ῥα
571 1014 829 1096 παραδραμέτην,
857 1018 1021 1100 φεύγων,
1052 1012 1128 1082 ὅδ’
1141 1012 1258 1081 ὄπισθε
1279 1015 1414 1082 διαίνων.
1476 1037 1478 1044 ’
1519 1029 1522 1040 “

380 1114 539 1182 Liberior
556 1114 778 1181 Aeschineae
791 1116 1005 1210 potissimum
1027 1119 1189 1185 orationis
1211 1117 1430 1184 conformatio
1449 1115 1652 1206 interpretes
1675 1117 1730 1183 vel

271 1216 1301 1342 1313313333313,33133333333511533313313333333
1333 1226 1501 1286 oratorem
1529 1239 1605 1286 asse
1636 1225 1731 1287 tran·
1805 1287 1812 1304 ,

270 1323 377 1408 quillo
399 1323 507 1387 animo
532 1320 770 1410 contemplanti
790 1324 931 1411 patebit.
988 1323 1030 1392 In
1055 1326 1132 1392 loco
1163 1327 1250 1391 enim
1274 1345 1324 1392 or.
1321 1321 1387 1389 de
1415 1321 1456 1392 Il.
1477 1320 1596 1406 Legat.
1624 1323 1652 1402 6.
1672 1325 1730 1392 32·

269 1448 304 1512 p.
312 1425 395 1493 231.
386 1451 488 1512 ,μνηι
489 1427 604 1492 ιονικον
615 1451 662 1502 τις
675 1423 769 1492 aaron
781 1451 874 1511 φησιν
884 1423 978 1494 εἶναι
999 1434 1052 1495 καὶ
1069 1423 1128 1517 γὰρ
1143 1428 1316 1522 133ροι,-
1337 1425 1455 1492 333113
1470 1421 1648 1504 assentior,
1670 1421 1730 1511 qui

266 1526 464 1593 ooeahulum
479 1525 684 1652 μνηρονικὸν,
701 1525 795 1615 quod
811 1551 876 1596 nou
891 1532 1006 1598 multo
1021 1532 1145 1613 33336.
1160 1533 1220 1602 31.
1244 1528 1367 1598 idem'
1356 1550 1422 1594 ram
1428 1534 1639 1620 usurpatum
1665 1528 1731 1593 sit:

265 1632 364 1700 16όκει
382 1627 568 1718 proponendo
592 1639 643 1698 καὶ
663 1624 805 1709 63ιν6ς
775 1659 853 1701 aanor
872 1638 971 1721 λέγειν
989 1636 1126 1728 Αἰσχίνη
1140 1638 1318 1718 Φιλιππος,
1349 1639 1514 1700 mutatum
1538 1633 1730 1706 voluerunt,

266 1736 391 1802 etenim
403 1734 530 1815 infra§.
546 1737 623 1803 112.
648 1735 764 1803 eodem
788 1737 887 1805 modo
905 1733 1090 1832 μνημονικὸς
1103 1745 1139 1805 33
1152 1735 1257 1817 decade
1264 1749 1410 1826 συμπιεῖν
1425 1734 1599 1803 coniuncta
1612 1736 1730 1820 legun·

265 1845 340 1918 tur,
364 1858 470 1924 neque
486 1837 624 1902 Bromio
642 1835 842 1929 Orellioque
863 1843 1046 1932 astipulor,
1074 1845 1102 1924 6.
1122 1843 1212 1912 31.’
1200 1863 1235 1910 ru
1258 1838 1432 1908 antecedd.
1452 1833 1554 1908 verba
1577 1864 1731 1960 ponpam-

266 1936 320 2015 νός
340 1937 644 2005 amiciterminanda
637 1960 654 2002 ι
675 1962 751 2007 3333
769 1943 994 2012 credentibus.
1038 1945 1112 2009 Hoc
1135 1953 1190 2010 333
1210 1945 1297 2009 enirh
1317 1943 1541 2040 scriptoribus
1562 1939 1729 2008 33331331·
1808 1951 1811 1964 “

266 2040 401 2108 tatem
390 2061 524 2106 morere
546 2041 643 2126 quasi
666 2044 754 2107 vello
771 2045 806 2108 et
816 2042 1011 2124 inculcare
1034 2067 1132 2131 quam
1155 2032 1427 2112 convaluerunt.
1468 2031 1607 2110 Potius
1614 2043 1655 2108 tle
1677 2043 1735 2122 13-ι

265 2143 396 2210 dustria
411 2145 594 2210 orationem
611 2139 895 2211 Demosthenis
865 2167 914 2212 sm
929 2146 1079 2212 instituit
1093 2147 1323 2234 subagrestem
1339 2121 1528 2234 Aeschines
1541 2145 1729 2212 turhatam-

264 2269 347 2336 que,
384 2255 426 2312 ιι3
447 2246 667 2314 deridiculum
690 2269 764 2314 eam
785 2247 913 2316 faceret
940 2244 1173 2330 audientibus,
1210 2248 1313 2337 idque
1334 2271 1374 2316 co
1396 2248 1503 2334 magis
1523 2248 1729 2336 exsequitur,

266 2349 356 2438 qaod
376 2348 524 2417 breuiter
541 2373 577 2417 se
599 2359 637 2417 et
653 2351 786 2418 concise
800 2349 970 2420 dicturum
992 2373 1067 2418 esse
1081 2350 1329 2418 Demosthenes
1349 2353 1553 2440 promiserat
1572 2358 1670 2420 antea
1692 2359 1729 2418 ct
1857 2355 1860 2368 '

264 2457 465 2535 iactaverat,
492 2477 579 2520 nunc
601 2463 713 2522 tamen
729 2453 851 2522 diffuse
865 2454 910 2522 ad
930 2455 1123 2521 satietatem
1137 2456 1171 2522 13
1191 2455 1292 2521 nehus
1309 2454 1545 2522 minutissimis
1559 2461 1727 2524 vereatur.

265 2557 341 2624 Hae
362 2559 532 2646 pertinere
555 2556 687 2623 videtur
706 2556 791 2635 ista,
810 2552 911 2644 qaam
932 2557 1121 2620 Aeschines
1143 2558 1177 2621 in
1195 2558 1434 2626 Demosthenis
1454 2557 1728 2644 generedicendi
1749 2613 1752 2618 .

268 2660 394 2748 carpit,
416 2657 573 2741 rivopullo
588 2659 616 2737 6.
628 2660 683 2722 34.
698 2657 775 2724 3311.
789 2657 816 2738 6.
832 2659 882 2735 7.,
905 2653 1055 2718 confusio
1076 2664 1111 2721 at
1131 2659 1352 2744 contradictio
1371 2660 1405 2724 in
1421 2659 1573 2728 dicendo.
1601 2661 1727 2730 Demo·

260 2755 417 2843 'sthenem
435 2760 521 2826 enim
535 2757 725 2826 Aeschines
745 2757 780 2824 in
804 2755 914 2826 uerbis
933 2752 1118 2844 μνημονικὸς
1132 2765 1167 2827 33
1185 2755 1280 2834 δεινὸς
1297 2761 1424 2826 rustice
1441 2770 1476 2828 et
1491 2764 1628 2832 confuso
1647 2766 1735 2834 haess'

264 2875 391 2941 rentem
405 2870 439 2932 et
451 2862 548 2950 quasi
564 2860 597 2926 iu
611 2883 697 2952 gyro
711 2883 748 2928 sa
761 2861 1040 2948 circumagentium
1053 2859 1147 2930 facit.
1167 2857 1203 2928 N
1204 2881 1256 2926 am
1272 2859 1363 2948 quod
1375 2862 1451 2950 ipsc
1465 2865 1493 2943 6.
1504 2869 1560 2936 ⁴8.
1573 2895 1718 2953 μνημον..

136 2983 141 2990 ’
264 2981 324 3050 κῶς
336 2977 372 3038 33
385 2975 522 3043 docenda
529 2964 724 3054 Philippum
738 2963 851 3032 dicere
866 2971 1202 3045 commemoraverat,
1223 2964 1286 3029 hoc
1300 2965 1347 3030 ita
1362 2966 1509 3052 exagitat
1519 2966 1725 3038 Demosthe·

264 3099 343 3158 nes,
365 3080 404 3140 ut
418 3075 441 3158 6.
457 3071 512 3142 31.
534 3069 680 3158 primum
696 3068 806 3156 ipsum
822 3068 1004 3138 Aeschinis
1027 3087 1146 3134 nomen
1160 3067 1250 3133 dicat
1264 3068 1431 3158 verbaque
1451 3069 1522 3135 3133
1540 3070 1725 3159 redarguat

267 3179 343 3260 (ἀλλ’
361 3176 416 3244 oia
436 3177 542 3261 ἐμοὶ),
562 3171 686 3240 deinde
697 3195 775 3240 vero
790 3175 818 3256 6.
830 3173 886 3244 32.
907 3174 974 3240 133
997 3172 1124 3239 oblitus
1143 3192 1275 3252 eorum,
1297 3193 1383 3262 quae
1406 3174 1521 3262 paullo
1543 3159 1619 3240 autc
1632 3173 1724 3244 dixe-
1788 3239 1792 3242 .

237 3358 243 3368 ,
265 3289 338 3361 rat,
358 3277 562 3346 Aeschinem
575 3269 642 3344 und
661 3297 722 3364 per
736 3270 963 3366 contemptum
983 3277 1157 3365 appellans
1179 3273 1360 3363 eademque
1380 3283 1535 3364 repetens
1556 3279 1724 3366 (μνημονι-

203 3456 207 3464 ,
264 3390 320 3456 κόν
341 3405 389 3457 τις
414 3379 507 3446 adada
527 3405 618 3462 φησιν
641 3375 735 3463 εἶναι)
761 3378 862 3468 fidem
891 3380 935 3446 iis
954 3379 1078 3445 hahere
1097 3380 1164 3446 iam
1187 3379 1371 3466 significet,
1407 3399 1494 3468 quae
1517 3402 1619 3469 supra
1646 3385 1721 3472 ipse

263 3489 432 3556 refutarat
453 3473 732 3568 (331γὰρὲ33363
762 3500 849 3550 nune
868 3480 912 3550 ad
927 3481 1157 3572 Ctesiphontis
1178 3487 1362 3550 orationem
1376 3482 1592 3550 refellendam
1612 3485 1721 3556 redit:

262 3601 405 3678 συμπιεῖν
418 3579 516 3661 decada
527 3579 578 3664 ἦν·
600 3588 791 3672 Φιλοκράτης
806 3585 911 3674 6μ33’
922 3585 1007 3676 ἡμῶν
1019 3591 1196 3674 δεινότερος,
1216 3593 1256 3653 ut
1269 3582 1322 3668 τὴν
1333 3587 1540 3668 ἐπιδεξιότητα
1551 3586 1586 3654 13
1601 3596 1721 3680 potan-
1785 3660 1789 3666 ,

263 3697 322 3779 63,
344 3713 444 3784 quam
461 3685 622 3777 Ctesipho
644 3687 873 3778 praedicarat,
904 3689 1105 3774 subsannet,
1129 3688 1272 3778 denique
1292 3687 1334 3757 ad
1353 3690 1557 3759 Aeschinem
1581 3713 1719 3762 rursum

262 3823 299 3870 33
323 3794 506 3881 convertit,
527 3813 625 3878 quem
647 3795 674 3875 6.
695 3791 751 3862 48.
773 3792 827 3862 oda
846 3796 1043 3882 ἐπελαθόμην
1059 3788 1114 3875 cdv
1134 3797 1236 3876 δέησιν
1254 3788 1309 3875 oda
1326 3797 1566 3880 Δημοσθένους,
1591 3794 1640 3863 ὅτι
1660 3823 1719 3864 τα-
1775 3825 1787 3880 ¹.

266 3909 357 3988 χθείη
377 3905 489 3985 λέγειν,
519 3895 574 3962 iao
593 3924 624 3962 τι
635 3902 857 3984 παραλίπωμεν
880 3896 968 3985 ἡμεῖς
985 3896 1068 3990 ὖπέρ
1081 3900 1291 3990 Αμφῖιιόλιως
1312 3893 1477 3963 dicentem
1498 3895 1627 3990 33313133
1655 3897 1721 3968 ἀλλ’

263 4003 326 4073 366
342 3999 379 4070 da
396 4002 468 4090 ὖμΐν
485 3997 505 4068 d
521 3995 622 4089 ῥήτωρ
647 3995 737 4082 οὗτος
754 3998 819 4069 oia't’
835 4001 873 4069 dv
890 4003 960 4090 ἐμοὶ
982 4004 1076 4087 λόγον
1093 4006 1239 4092 μεταδοίη
1259 4034 1301 4052 -
1319 3998 1501 4088 reprobatu
1525 3997 1652 4070 studet.
1674 4038 1719 4054 -
1759 4035 1763 4058 ι
1867 4031 1870 4044 ’

264 4107 375 4198 Quam
388 4103 526 4170 turbata
542 4109 578 4170 et
592 4101 729 4172 confusa
752 4101 878 4174 omnia!
908 4125 995 4195 quae
1014 4102 1080 4170 nisi
1091 4103 1199 4172 omnia
1215 4103 1292 4192 quie
1308 4099 1352 4168 ad
1367 4099 1606 4176 Demosthenis
1620 4109 1720 4176 dead-
