4122 4944
1704 257 1763 395 nl*

73 553 89 588 .,
140 475 184 488 ..
282 503 376 570 irnra
399 499 587 568 stabilitum
611 519 686 566 esse
707 497 937 566 fundamenta.
981 499 1114 568 Etenim
1131 523 1232 590 quum
1254 503 1744 594 sequantureiusmndiaaca·

251 665 252 668 ,
280 605 378 687 bula,
404 625 489 692 quae
512 602 555 669 ad
577 601 752 670 dicendum
776 609 947 690 spectent:
967 610 1268 693 λαμπροφωνότατος
1281 617 1365 692 cta,
1394 613 1430 678 in
1453 618 1579 682 antcec.
1601 613 1742 684 libraria

280 709 388 776 uisum
411 715 466 774 est
486 707 599 796 ipsum
624 704 756 782 dicendi
779 705 914 771 verbum
938 706 1146 774 inferendum
1169 729 1264 790 esse,
1296 733 1362 799 qua
1394 721 1505 782 tamen
1528 718 1745 808 supersederi

279 833 381 902 passa
401 811 567 876 sententia
587 809 686 876 lacile
700 807 856 908 ostendit.
901 808 966 875 Est
979 811 1065 876 cuim
1080 809 1217 878 verbum
1234 813 1457 903 supplendum
1477 823 1666 904 generalem
1685 825 1744 892 ha·

279 915 363 982 beas
376 915 563 992 nationem,
585 915 753 992 ut‘noestr,
774 915 1017 980 πολιτεύεσθαι.
1038 937 1168 1003 „quum
1182 915 1264 1004 qnid
1278 914 1439 986 adversus
1455 921 1516 987 has
1537 922 1742 1008 (Athenien-

230 1097 232 1102 Υ
281 1019 355 1102 ses)
378 1039 462 1106 epus
484 1022 538 1082 cst
560 1015 625 1103 (sc.
638 1036 770 1101 gerere,
791 1015 926 1103 agere),
948 1023 1020 1082 tum
1043 1039 1080 1083 es
1103 1021 1372 1086 oraterveluhili
1392 1023 1506 1108 lingua
1526 1026 1744 1114 praeditus.“

390 1120 447 1190 Sic
470 1125 506 1185 ct
528 1119 611 1184 alibi
633 1119 667 1184 in
689 1139 822 1184 errores
844 1116 1036 1185 inciderunt
1049 1128 1084 1188 ct
1094 1119 1229 1187 librarii
1249 1132 1284 1188 ct
1305 1123 1526 1213 interpretes,
1554 1136 1594 1195 ut
1613 1130 1648 1196 in
1666 1132 1741 1199 loca

182 1225 186 1232 ’
279 1223 357 1293 huic
379 1221 544 1314 persimili
564 1222 688 1302 §.192
711 1242 745 1309 p·
763 1221 841 1288 294.
871 1219 947 1305 ὅπερ
977 1222 1007 1287 0ὗ
1030 1223 1071 1288 ἂν
1091 1221 1110 1290 0‘
1131 1228 1320 1309 φαυλότατος
1343 1234 1396 1292 καὶ
1416 1233 1655 1314 δυςμενὲστανος
1682 1233 1741 1300 div-

280 1334 410 1412 οριυπος
431 1333 467 1415 τῇ
485 1326 589 1407 πόλει,
613 1333 704 1392 τοῦτο
724 1316 895 1404 πεποιηκώς
917 1327 968 1392 ἐπὶ
990 1337 1058 1403 ταῖς
1075 1334 1230 1412 συμβᾶσιν
1247 1328 1428 1412 ἐξήτασται,
1457 1332 1515 1396 nbi
1527 1331 1636 1403 Bckk.
1649 1333 1741 1403 aodi-

279 1431 373 1496 eilaus
395 1427 696 1516 praestantissimis
717 1425 927 1512 obsequutus
949 1435 1029 1516 pest
1051 1426 1220 1516 ἅνθρωπος
1248 1429 1322 1497 iure
1337 1432 1458 1500 emisit
1479 1435 1570 1523 quad
1594 1437 1629 1504 in
1651 1445 1740 1507 aete·
1788 1449 1791 1462 '

276 1530 325 1598 ris
340 1537 393 1597 cst
405 1533 550 1610 ποιήσειε.
572 1529 618 1598 V.
636 1528 782 1597 Persen.
803 1538 838 1596 et
859 1529 1030 1600 Schaeler.
1051 1531 1093 1598 ad
1106 1531 1190 1600 Eur.
1207 1531 1324 1602 Orest.
1338 1536 1435 1608 1043.
1457 1538 1586 1627 Reisig.
1601 1542 1637 1609 iu
1651 1563 1741 1610 com·

99 1695 104 1703 .
205 1719 215 1738 .
275 1641 379 1702 ment.
397 1633 474 1701 crit.
490 1631 534 1698 ad
548 1631 636 1701 Oed.
653 1632 728 1702 Cel.
745 1655 778 1722 p.
789 1635 867 1702 277.
889 1630 946 1701 Sin
962 1633 996 1698 in
1010 1633 1160 1724 Lycurgi
1173 1635 1292 1706 Leecr.
1307 1639 1333 1721 t.
1347 1641 1499 1709 20.·ὁ’τιιν
1513 1647 1629 1714 οἰκέται
1643 1647 1663 1727 i
1677 1655 1741 1716 δε-

274 1740 423 1822 ριὶπαινιιι
444 1728 621 1804 συνειδῶσιν
643 1730 664 1800 t
687 1739 763 1818 δεῖ,
791 1757 857 1803 nan
879 1744 971 1818 erat,
1002 1760 1062 1804 cur
1076 1739 1210 1832 Taylnr
1231 1739 1412 1810 coniiceret
1436 1741 1458 1810 ἃ
1478 1740 1519 1830 μὴ
1541 1752 1601 1831 δεῖ,
1629 1768 1737 1837 neque

274 1839 337 1907 cur
349 1837 511 1906 Reislrius
531 1847 612 1924 post
633 1844 681 1906 det
699 1837 816 1906 deesse
838 1841 992 1908 crederet
1004 1846 1162 1924 γινώσκειν
1178 1842 1267 1929 ipsis
1313 1843 1523 1937 Simpliciter
1537 1848 1624 1916 enim
1640 1877 1740 1921 συνει-
1863 1903 1865 1909 2

275 1947 362 2009 δὲνυι
383 1942 437 2004 vel
463 1942 576 2003 εἰδέναι
602 1960 643 2004 ex
669 1963 870 2025 praegressa
898 1949 1076 2010 συνειδῶσιν
1103 1945 1326 2032 supplendum
1350 1956 1415 2013 est.
1471 1949 1542 2020 cn.
1568 1953 1669 2025 Dem.
1698 1955 1738 2023 de

276 2041 409 2112 Gerana
433 2041 460 2119 l.
477 2040 554 2106 220.
577 2061 611 2127 p.
625 2043 725 2116 301..
752 2041 795 2106 de
807 2042 848 2107 F.
862 2041 945 2124 Leg.
965 2045 991 2121 t.
1005 2045 1060 2108 40.
1083 2065 1117 2130 p.
1131 2048 1227 2125 356..
1247 2045 1336 2112 Phil.
1351 2047 1418 2114 111.
1441 2051 1467 2128 t.
1484 2043 1537 2116 1'1.
1558 2075 1592 2139 p.
1609 2058 1682 2122 11³.

286 2195 290 2202 .
380 2141 507 2208 Eodem
533 2143 648 2208 mer-ba
669 2143 764 2207 lacus
783 2143 819 2209 iu
839 2163 888 2211 cr.
912 2141 953 2208 de
973 2142 1051 2211 Car.
1071 2146 1098 2226 §.
1112 2147 1190 2213 214.
1211 2169 1244 2235 p.
1264 2148 1341 2216 209.
1365 2149 1517 2234 laborat,
1539 2152 1598 2219 ubi
1616 2155 1651 2222 in
1663 2178 1737 2224 rer-

273 2249 327 2316 bis
356 2243 377 2312 ii
401 2245 431 2312 δ’
450 2243 536 2330 ἡμεῖς
557 2241 638 2329 πρὸς
660 2253 757 2310 ταῦτα
780 2244 1035 2329 α’ντείπομεν,
1074 2246 1113 2314 τὰ
1131 2254 1189 2332 μὲν
1209 2249 1284 2316 καθ’
1304 2250 1420 2320 ἕκαστα
1434 2289 1475 2303 -
1493 2264 1677 2344 τιμησαίμην
1697 2262 1737 2328 eia

273 2353 370 2420 cineta
392 2357 447 2417 τοῦ
468 2346 993 2432 βίου,νευ1νιιιπυι’ντείντομεν,
1021 2348 1199 2435 quodmon
1221 2349 1389 2419 invenitur
1411 2357 1445 2421 in
1467 2357 1618 2424 codicum
1637 2359 1734 2449 'prinq

274 2455 349 2544 cipe
370 2458 414 2535 Σ,
440 2437 716 2540 proscribendum
731 2455 802 2530 est,
824 2450 960 2537 opinor,
982 2452 1107 2539 quippe
1123 2444 1338 2541 qund'pcssit
1355 2463 1434 2542 apte
1447 2466 1482 2523 et
1496 2480 1536 2524 ex
1551 2468 1677 2533 numae.
1699 2473 1734 2533 ct
1809 2489 1811 2495 ⁴
1829 2453 1842 2484 ⁶

214 2581 219 2588 ¹
275 2577 316 2624 ex
338 2576 433 2640 seqq.
452 2553 612 2636 intelligi,
642 2552 860 2637 grammatino
887 2562 998 2648 tamen
1027 2554 1123 2618 anxio
1154 2562 1255 2640 atque
1284 2579 1349 2623 nan
1379 2559 1413 2624 in
1441 2566 1592 2651 tempore
1615 2565 1734 2634 subtili
1789 2631 1792 2634 ,
1823 2623 1826 2630 .

187 2667 200 2680 “
276 2655 464 2726 addendum
495 2645 570 2718 csse
593 2652 776 2718 videretur.
829 2648 904 2715 Hac
929 2651 1017 2713 enim
1043 2653 1168 2718 feretum
1199 2664 1253 2722 est
1281 2661 1494 2747 saepissime,
1532 2673 1573 2730 ut
1597 2669 1734 2738 verbum

274 2757 478 2849 cogitatione
494 2752 717 2842 supplendum
741 2751 838 2817 scioli
851 2753 1059 2838 grammatici
1082 2757 1349 2838 agglutinarent,
1369 2764 1514 2828 ascirent
1530 2766 1607 2836 inde
1630 2772 1734 2842 libra·

273 2863 331 2932 rii.
386 2856 559 2942 Purgandi
590 2864 670 2924 sunt
699 2857 822 2941 igitur,
856 2863 895 2921 ut
920 2875 1046 2946 paucas
1069 2855 1224 2937 afferam,
1261 2853 1396 2926 lilasi.
1450 2863 1490 2930 ln
1511 2889 1569 2935 cre
1587 2868 1628 2937 de
1651 2871 1733 2946 Cer.

275 2968 302 3050 §.
320 2968 396 3035 130.
426 2984 462 3052 p.
475 2949 560 3058 Χ2170.
583 2956 637 3039 cria
666 2965 700 3026 δὲ
723 2963 841 3044 μητέρα
868 2967 986 3044 σεμνῶς
1013 2961 1092 3025 πάνυ
1116 2964 1316 3028 Παυιιυθέαι
1342 2958 1520 3048 ωὐόμασενε
1555 2969 1733 3046 delendum

273 3091 348 3138 cum
373 3064 511 3157 optimis
537 3063 637 3129 libris
660 3069 866 3152 postremum
888 3060 1113 3147 ὠνόμασεν,
1135 3083 1236 3149 quum
1260 3085 1299 3129 cx
1321 3066 1519 3146 antececdv
1538 3077 1596 3156 μέν
1610 3083 1733 3165 πατέρα

274 3207 318 3222 -
338 3166 680 3253 ἐποίησενἎτρόμητυν
703 3165 947 3250 nullanegotia
971 3170 1165 3230 assumatur
1184 3167 1335 3248 inclausa.
1358 3167 1448 3240 lhid.
1468 3174 1495 3254 §.
1511 3175 1588 3248 229,
1604 3197 1638 3266 p.
1653 3181 1731 3252 304,
1803 3182 1809 3196 ’

273 3275 367 3358 lege:
397 3270 414 3350 ἦ
438 3265 496 3353 γὰρ
518 3267 575 3356 ἐμῆ
599 3273 738 3340 πολιτεία
757 3303 818 3351 -,
845 3268 914 3335 clari
938 3273 995 3353 μὲν
1022 3264 1261 3351 ποῦ’Θρβαιόυς
1286 3265 1546 3357 perimmensa
1574 3289 1732 3368 συνεμβα-

273 3386 339 3444 λεῖν
359 3375 403 3450 εἷς
425 3367 479 3450 cala
499 3375 619 3457 χώραν,
641 3370 659 3438 ‘d
678 3376 791 3448 πάντες
808 3367 948 3460 ᾤοντο,
973 3371 1049 3456 μεθ’
1069 3369 1153 3458 ἡμῶν
1168 3380 1507 3462 συμπαραταξαμένους
1528 3382 1643 3454 ἐκεῖνον
1665 3414 1732 3458 κω-
1843 3465 1845 3474 Ι

272 3483 355 3548 λύειν
381 3475 540 3555 ἐποίησεν,
573 3474 678 3540 eiecto
707 3495 782 3542 cum
812 3473 949 3561 optimis
980 3472 1078 3543 cedd.
1099 3479 1166 3564 ΣιιςΙ
1195 3483 1274 3564 past
1295 3473 1392 3568 ᾠύντο
1420 3483 1522 3571 verba
1551 3485 1731 3565 ἔσεσθαι.

272 3578 361 3654 md,
384 3579 410 3662 q,
428 3577 504 3646 255.
528 3598 562 3663 p.
577 3577 656 3644 312.
678 3577 870 3662 legebatur:
900 3571 961 3662 ἐγώ
980 3582 1040 3662 μὲν
1056 3571 1114 3643 οὖν
1137 3574 1249 3662 situel
1269 3586 1405 3666 περὶτῆς
1420 3588 1511 3670 τύχης
1525 3589 1732 3672 ’ἐξετάζειν
1861 3669 1864 3672 ,
1947 3552 1950 3560 Ι

271 3683 365 3767 asgup,
386 3681 494 3766 ὀρθῶς
514 3685 566 3746 καὶ
587 3683 725 3760 δικαίως,
746 3675 788 3756 ὥς
801 3680 925 3766 ἐμαυτῷ
939 3683 1037 3761 δοκῶ,
1059 3681 1170 3765 νομιζειν
1182 3685 1217 3747 δὲ
1234 3689 1286 3748 καὶ
1308 3681 1380 3768 ὑμῖν
1398 3695 1621 3762 συνδοκεῖν.
1661 3694 1730 3764 Sed

272 3787 422 3865 ἒξετάζειν
444 3805 510 3849 nen
531 3783 641 3848 minus
663 3786 754 3848 reete
777 3788 831 3846 est
854 3804 873 3846 a
893 3779 1050 3848 Bellero
1074 3782 1253 3866 amissum,
1287 3807 1385 3872 qaam
1413 3788 1559 3860 debebat
1575 3800 1731 3868 συνδοκεῖν

273 3889 380 3971 infra,
417 3885 588 3954 codicibus
615 3889 679 3962 Σκς
705 3886 886 3972 utrumque
913 3884 1118 3958 iubentibus.
1168 3884 1261 3953 lflud
1290 3889 1376 3954 euim
1398 3893 1544 3970 ἐξετάζειν
1565 3918 1668 3982 quum
1691 3923 1732 3974 ex

275 3973 506 4080 superioribus
536 3985 761 4076 supplendum
785 4009 860 4053 esse
888 3989 1120 4057 existimarent
1146 3992 1359 4074 grammatici
1389 3993 1495 4080 (qued
1516 3997 1651 4084 quidem
1678 4009 1733 4076 vel

276 4095 389 4188 ipsum
412 4092 645 4161 malefactum
669 4096 741 4172 cst,
773 4112 848 4158 nam
871 4089 983 4162 nicaei
1010 4091 1177 4194 α’ξιῶριερὶ
1197 4101 1251 4174 τῆς
1277 4098 1369 4178 tim
1391 4103 1461 4186 essii
1494 4099 1545 4168 ⁸5⁰
1567 4095 1734 4195 9118ῒῖ111οε

795 4307 827 4362 0
