<?xml version="1.0" encoding="UTF-8"?>
<!DOCTYPE html PUBLIC "-//W3C//DTD XHTML 1.0 Transitional//EN"
    "http://www.w3.org/TR/xhtml1/DTD/xhtml1-transitional.dtd">
<html xmlns="http://www.w3.org/1999/xhtml" xml:lang="en" lang="en">
 <head>
  <title>
</title>
<meta http-equiv="Content-Type" content="text/html;charset=utf-8" />
  <meta name='ocr-system' content='tesseract 3.04.00' />
  <meta name='ocr-capabilities' content='ocr_page ocr_carea ocr_par ocr_line ocrx_word'/>
</head>
<body>
  <div class='ocr_page' id='page_1' title='image "./observationesin00schegoog_0023.png"; bbox 0 0 4108 4754; ppageno 0'>
   <div class='ocr_carea' id='block_1_1' title="bbox 234 311 1983 3057">
    <p class='ocr_par' dir='ltr' id='par_1_1' title="bbox 293 311 557 416">
     <span class='ocr_line' id='line_1_1' title="bbox 293 311 557 416; baseline -0.019 -20"><span class='ocrx_word' id='word_1_1' title='bbox 293 409 298 416; x_wconf 57' lang='grc'><strong>,</strong></span> <span class='ocrx_word' id='word_1_2' title='bbox 371 313 419 396; x_wconf 84' lang='lat' dir='ltr'><strong>u</strong></span> <span class='ocrx_word' id='word_1_3' title='bbox 501 323 504 328; x_wconf 94' lang='lat'>·</span> <span class='ocrx_word' id='word_1_4' title='bbox 553 311 557 318; x_wconf 90' lang='lat'>·</span> 
     </span>
    </p>

    <p class='ocr_par' dir='ltr' id='par_1_2' title="bbox 234 485 1983 1927">
     <span class='ocr_line' id='line_1_2' title="bbox 234 485 1905 592; baseline -0.001 -22"><span class='ocrx_word' id='word_1_5' title='bbox 234 535 238 550; x_wconf 93' lang='lat'>·</span> <span class='ocrx_word' id='word_1_6' title='bbox 372 501 484 572; x_wconf 88' lang='lat' dir='ltr'>iudico</span> <span class='ocrx_word' id='word_1_7' title='bbox 511 499 553 570; x_wconf 89' lang='lat' dir='ltr'>de</span> <span class='ocrx_word' id='word_1_8' title='bbox 574 497 988 588; x_wconf 62' lang='lat' dir='ltr'>fortuna),supplevisse</span> <span class='ocrx_word' id='word_1_9' title='bbox 1011 515 1076 562; x_wconf 87' lang='lat' dir='ltr'>non</span> <span class='ocrx_word' id='word_1_10' title='bbox 1098 501 1155 561; x_wconf 87' lang='lat' dir='ltr'>set</span> <span class='ocrx_word' id='word_1_11' title='bbox 1174 485 1381 574; x_wconf 79' lang='lat' dir='ltr'>hahuerunt,</span> <span class='ocrx_word' id='word_1_12' title='bbox 1412 493 1473 561; x_wconf 86' lang='lat' dir='ltr'>sed</span> <span class='ocrx_word' id='word_1_13' title='bbox 1495 519 1572 567; x_wconf 78' lang='lat' dir='ltr'>tere</span> <span class='ocrx_word' id='word_1_14' title='bbox 1596 497 1842 592; x_wconf 81' lang='lat' dir='ltr'>appinxerunt:</span> <span class='ocrx_word' id='word_1_15' title='bbox 1902 531 1905 536; x_wconf 20' lang='grc' dir='ltr'><strong>Δ</strong></span> 
     </span>
     <span class='ocr_line' id='line_1_3' title="bbox 374 599 1844 692; baseline -0.003 -20"><span class='ocrx_word' id='word_1_16' title='bbox 374 608 435 676; x_wconf 82' lang='lat' dir='ltr'>lroc</span> <span class='ocrx_word' id='word_1_17' title='bbox 457 610 614 678; x_wconf 72' lang='grc' dir='ltr'>συνδοκεῖν</span> <span class='ocrx_word' id='word_1_18' title='bbox 630 603 897 692; x_wconf 84' lang='lat' dir='ltr'>supplementum</span> <span class='ocrx_word' id='word_1_19' title='bbox 922 607 975 667; x_wconf 88' lang='lat' dir='ltr'>est</span> <span class='ocrx_word' id='word_1_20' title='bbox 996 620 1036 666; x_wconf 87' lang='lat' dir='ltr'>ex</span> <span class='ocrx_word' id='word_1_21' title='bbox 1057 599 1159 667; x_wconf 85' lang='lat' dir='ltr'>verbo</span> <span class='ocrx_word' id='word_1_22' title='bbox 1182 605 1263 666; x_wconf 81' lang='grc' dir='ltr'><strong><em>δοκῶ</em></strong></span> <span class='ocrx_word' id='word_1_23' title='bbox 1284 603 1474 685; x_wconf 86' lang='lat' dir='ltr'>sumptum,</span> <span class='ocrx_word' id='word_1_24' title='bbox 1494 608 1606 669; x_wconf 89' lang='lat' dir='ltr'>tamen</span> <span class='ocrx_word' id='word_1_25' title='bbox 1630 603 1716 669; x_wconf 89' lang='lat' dir='ltr'>male</span> <span class='ocrx_word' id='word_1_26' title='bbox 1737 603 1844 670; x_wconf 51' lang='lat' dir='ltr'>aseri-¹</span> 
     </span>
     <span class='ocr_line' id='line_1_4' title="bbox 378 699 1845 798; baseline -0.003 -21"><span class='ocrx_word' id='word_1_27' title='bbox 378 717 475 798; x_wconf 87' lang='lat' dir='ltr'>ptum</span> <span class='ocrx_word' id='word_1_28' title='bbox 496 731 517 774; x_wconf 90' lang='lat' dir='ltr'>a</span> <span class='ocrx_word' id='word_1_29' title='bbox 539 706 708 787; x_wconf 81' lang='lat' dir='ltr'>librariis,</span> <span class='ocrx_word' id='word_1_30' title='bbox 730 727 814 786; x_wconf 91' lang='lat' dir='ltr'>non,</span> <span class='ocrx_word' id='word_1_31' title='bbox 842 709 882 770; x_wconf 90' lang='lat' dir='ltr'>ut</span> <span class='ocrx_word' id='word_1_32' title='bbox 897 703 1093 791; x_wconf 72' lang='lat' dir='ltr'><strong>oportebat,</strong></span> <span class='ocrx_word' id='word_1_33' title='bbox 1116 700 1300 789; x_wconf 78' lang='lat' dir='ltr'>cogitatum</span> <span class='ocrx_word' id='word_1_34' title='bbox 1315 699 1501 774; x_wconf 85' lang='lat' dir='ltr'>dumtaxat.</span> <span class='ocrx_word' id='word_1_35' title='bbox 1546 703 1656 774; x_wconf 88' lang='lat' dir='ltr'>Porro</span> <span class='ocrx_word' id='word_1_36' title='bbox 1679 707 1778 774; x_wconf 89' lang='lat' dir='ltr'>inor.</span> <span class='ocrx_word' id='word_1_37' title='bbox 1803 703 1845 773; x_wconf 89' lang='lat' dir='ltr'>de</span> 
     </span>
     <span class='ocr_line' id='line_1_5' title="bbox 376 801 1878 904; baseline -0.003 -26"><span class='ocrx_word' id='word_1_38' title='bbox 376 811 509 884; x_wconf 81' lang='lat' dir='ltr'>Corona</span> <span class='ocrx_word' id='word_1_39' title='bbox 524 813 551 893; x_wconf 75' lang='lat' dir='ltr'>t.</span> <span class='ocrx_word' id='word_1_40' title='bbox 566 811 643 878; x_wconf 75' lang='lat'>208.</span> <span class='ocrx_word' id='word_1_41' title='bbox 658 831 689 898; x_wconf 87' lang='lat' dir='ltr'>p.</span> <span class='ocrx_word' id='word_1_42' title='bbox 704 809 782 878; x_wconf 79' lang='lat'>32⁵.</span> <span class='ocrx_word' id='word_1_43' title='bbox 804 805 980 904; x_wconf 78' lang='lat' dir='ltr'>legendam</span> <span class='ocrx_word' id='word_1_44' title='bbox 995 813 1064 887; x_wconf 87' lang='lat' dir='ltr'>est,</span> <span class='ocrx_word' id='word_1_45' title='bbox 1084 808 1223 896; x_wconf 80' lang='lat' dir='ltr'><strong>opinor:</strong></span> <span class='ocrx_word' id='word_1_46' title='bbox 1251 801 1323 870; x_wconf 68' lang='grc' dir='ltr'>οὔδ’</span> <span class='ocrx_word' id='word_1_47' title='bbox 1336 839 1380 856; x_wconf 92' lang='lat'>-··</span> <span class='ocrx_word' id='word_1_48' title='bbox 1392 801 1508 891; x_wconf 76' lang='grc' dir='ltr'><strong><em>δμοίως</em></strong></span> <span class='ocrx_word' id='word_1_49' title='bbox 1522 805 1595 892; x_wconf 78' lang='grc' dir='ltr'><strong><em>δμῒν</em></strong></span> <span class='ocrx_word' id='word_1_50' title='bbox 1610 845 1655 860; x_wconf 92' lang='grc'>-</span> <span class='ocrx_word' id='word_1_51' title='bbox 1668 815 1845 894; x_wconf 64' lang='lat' dir='ltr'>suppletori—</span> <span class='ocrx_word' id='word_1_52' title='bbox 1874 876 1878 902; x_wconf 42' lang='grc'>1</span> 
     </span>
     <span class='ocr_line' id='line_1_6' title="bbox 376 900 1983 1000; baseline 0.003 -21"><span class='ocrx_word' id='word_1_53' title='bbox 376 922 481 996; x_wconf 73' lang='lat' dir='ltr'>lacau,</span> <span class='ocrx_word' id='word_1_54' title='bbox 506 911 571 978; x_wconf 77' lang='lat' dir='ltr'>‹lm’</span> <span class='ocrx_word' id='word_1_55' title='bbox 583 909 639 978; x_wconf 73' lang='grc' dir='ltr'>ἀπ’</span> <span class='ocrx_word' id='word_1_56' title='bbox 653 911 755 996; x_wconf 63' lang='grc' dir='ltr'><strong><em>ὀρθῆς</em></strong></span> <span class='ocrx_word' id='word_1_57' title='bbox 768 917 820 979; x_wconf 82' lang='grc' dir='ltr'>καὶ</span> <span class='ocrx_word' id='word_1_58' title='bbox 837 915 957 987; x_wconf 80' lang='grc' dir='ltr'><strong><em>δικαίας</em></strong></span> <span class='ocrx_word' id='word_1_59' title='bbox 972 916 1027 999; x_wconf 79' lang='grc' dir='ltr'>καὶ</span> <span class='ocrx_word' id='word_1_60' title='bbox 1047 911 1246 994; x_wconf 73' lang='grc' dir='ltr'><strong><em>ἀδιαφθόρου</em></strong></span> <span class='ocrx_word' id='word_1_61' title='bbox 1259 913 1312 986; x_wconf 80' lang='grc' dir='ltr'>τῆς</span> <span class='ocrx_word' id='word_1_62' title='bbox 1325 900 1441 994; x_wconf 70' lang='grc' dir='ltr'><strong><em>ψυκῆς,</em></strong></span> <span class='ocrx_word' id='word_1_63' title='bbox 1468 918 1520 978; x_wconf 79' lang='grc' dir='ltr'>καὶ</span> <span class='ocrx_word' id='word_1_64' title='bbox 1539 919 1693 1000; x_wconf 70' lang='grc' dir='ltr'><strong><em>μεγίστων</em></strong></span> <span class='ocrx_word' id='word_1_65' title='bbox 1711 908 1745 994; x_wconf 74' lang='grc' dir='ltr'><em>δὴ</em></span> <span class='ocrx_word' id='word_1_66' title='bbox 1759 937 1846 1000; x_wconf 82' lang='grc' dir='ltr'><strong><em>προ·</em></strong></span> <span class='ocrx_word' id='word_1_67' title='bbox 1977 977 1983 984; x_wconf 89' lang='grc'><strong>.</strong></span> 
     </span>
     <span class='ocr_line' id='line_1_7' title="bbox 377 1011 1846 1103; baseline 0.014 -19"><span class='ocrx_word' id='word_1_68' title='bbox 377 1021 505 1103; x_wconf 74' lang='grc' dir='ltr'><strong><em>γμάκων</em></strong></span> <span class='ocrx_word' id='word_1_69' title='bbox 525 1022 589 1086; x_wconf 88' lang='lat' dir='ltr'>etc.</span> <span class='ocrx_word' id='word_1_70' title='bbox 613 1013 795 1081; x_wconf 85' lang='lat' dir='ltr'>eliminatis</span> <span class='ocrx_word' id='word_1_71' title='bbox 812 1035 885 1078; x_wconf 87' lang='lat' dir='ltr'>cum</span> <span class='ocrx_word' id='word_1_72' title='bbox 905 1011 1077 1080; x_wconf 79' lang='lat' dir='ltr'>codicibus</span> <span class='ocrx_word' id='word_1_73' title='bbox 1096 1030 1274 1100; x_wconf 79' lang='lat' dir='ltr'><strong>supremae</strong></span> <span class='ocrx_word' id='word_1_74' title='bbox 1296 1016 1395 1076; x_wconf 87' lang='lat' dir='ltr'>notae</span> <span class='ocrx_word' id='word_1_75' title='bbox 1416 1020 1497 1099; x_wconf 87' lang='lat' dir='ltr'>post</span> <span class='ocrx_word' id='word_1_76' title='bbox 1518 1023 1572 1095; x_wconf 76' lang='grc' dir='ltr'>τῆς</span> <span class='ocrx_word' id='word_1_77' title='bbox 1592 1025 1695 1103; x_wconf 56' lang='lat' dir='ltr'>poppe</span> <span class='ocrx_word' id='word_1_78' title='bbox 1716 1016 1846 1084; x_wconf 55' lang='lat' dir='ltr'>lilbiffi</span> 
     </span>
     <span class='ocr_line' id='line_1_8' title="bbox 384 1115 1847 1207; baseline -0.003 -20"><span class='ocrx_word' id='word_1_79' title='bbox 384 1115 426 1188; x_wconf 76' lang='grc' dir='ltr'>νδ</span> <span class='ocrx_word' id='word_1_80' title='bbox 453 1123 584 1190; x_wconf 68' lang='grc' dir='ltr'><strong><em>πάντα</em></strong></span> <span class='ocrx_word' id='word_1_81' title='bbox 611 1143 679 1202; x_wconf 84' lang='grc' dir='ltr'><strong><em>μοι</em></strong></span> <span class='ocrx_word' id='word_1_82' title='bbox 706 1121 958 1203; x_wconf 79' lang='grc' dir='ltr'><strong><em>πέπρακται,</em></strong></span> <span class='ocrx_word' id='word_1_83' title='bbox 986 1115 1228 1202; x_wconf 89' lang='lat' dir='ltr'>intellectoque</span> <span class='ocrx_word' id='word_1_84' title='bbox 1250 1133 1289 1178; x_wconf 82' lang='lat' dir='ltr'>ex</span> <span class='ocrx_word' id='word_1_85' title='bbox 1315 1117 1525 1201; x_wconf 77' lang='lat' dir='ltr'>praegressis</span> <span class='ocrx_word' id='word_1_86' title='bbox 1545 1121 1648 1186; x_wconf 87' lang='lat' dir='ltr'>verbo</span> <span class='ocrx_word' id='word_1_87' title='bbox 1670 1123 1847 1207; x_wconf 79' lang='grc' dir='ltr'><strong><em>συμβεβού-</em></strong></span> 
     </span>
     <span class='ocr_line' id='line_1_9' title="bbox 379 1208 1848 1307; baseline -0.001 -21"><span class='ocrx_word' id='word_1_88' title='bbox 379 1230 481 1294; x_wconf 78' lang='grc' dir='ltr'><strong><em>λευκα.</em></strong></span> <span class='ocrx_word' id='word_1_89' title='bbox 502 1254 545 1269; x_wconf 92' lang='grc'><strong>-</strong></span> <span class='ocrx_word' id='word_1_90' title='bbox 590 1217 656 1298; x_wconf 80' lang='lat' dir='ltr'>Hr&#39;s</span> <span class='ocrx_word' id='word_1_91' title='bbox 678 1218 876 1305; x_wconf 81' lang='lat' dir='ltr'>subiungnm</span> <span class='ocrx_word' id='word_1_92' title='bbox 898 1221 1009 1286; x_wconf 84' lang='lat' dir='ltr'>locum</span> <span class='ocrx_word' id='word_1_93' title='bbox 1030 1217 1065 1284; x_wconf 82' lang='lat' dir='ltr'>in</span> <span class='ocrx_word' id='word_1_94' title='bbox 1086 1208 1177 1304; x_wconf 69' lang='lat' dir='ltr'>Phil.</span> <span class='ocrx_word' id='word_1_95' title='bbox 1191 1213 1261 1284; x_wconf 83' lang='lat' dir='ltr'>Ill.</span> <span class='ocrx_word' id='word_1_96' title='bbox 1283 1215 1311 1296; x_wconf 83' lang='lat'>§.</span> <span class='ocrx_word' id='word_1_97' title='bbox 1324 1219 1379 1286; x_wconf 80' lang='lat' dir='ltr'>tl.</span> <span class='ocrx_word' id='word_1_98' title='bbox 1400 1217 1591 1307; x_wconf 69' lang='lat' dir='ltr'>p.121.‚vd</span> <span class='ocrx_word' id='word_1_99' title='bbox 1614 1221 1848 1303; x_wconf 71' lang='grc' dir='ltr'><strong><em>δὲ-δηλιόοω,</em></strong></span> 
     </span>
     <span class='ocr_line' id='line_1_10' title="bbox 378 1319 1846 1412; baseline -0.001 -22"><span class='ocrx_word' id='word_1_100' title='bbox 378 1324 547 1408; x_wconf 63' lang='grc' dir='ltr'><strong><em>οδξλόγους</em></strong></span> <span class='ocrx_word' id='word_1_101' title='bbox 566 1324 703 1406; x_wconf 75' lang='lat' dir='ltr'>dunusci</span> <span class='ocrx_word' id='word_1_102' title='bbox 724 1327 838 1408; x_wconf 75' lang='grc' dir='ltr'><strong><em>λέγων,</em></strong></span> <span class='ocrx_word' id='word_1_103' title='bbox 865 1319 941 1390; x_wconf 69' lang='lat' dir='ltr'>imi</span> <span class='ocrx_word' id='word_1_104' title='bbox 951 1326 1121 1412; x_wconf 69' lang='grc' dir='ltr'><strong><em>γράμματα</em></strong></span> <span class='ocrx_word' id='word_1_105' title='bbox 1135 1327 1196 1390; x_wconf 79' lang='grc' dir='ltr'>τῶν</span> <span class='ocrx_word' id='word_1_106' title='bbox 1212 1321 1375 1405; x_wconf 78' lang='grc' dir='ltr'><strong><em>προγόνων</em></strong></span> <span class='ocrx_word' id='word_1_107' title='bbox 1389 1327 1450 1388; x_wconf 78' lang='grc' dir='ltr'>τῶν</span> <span class='ocrx_word' id='word_1_108' title='bbox 1470 1319 1624 1410; x_wconf 77' lang='grc' dir='ltr'><strong><em>δμετέρων</em></strong></span> <span class='ocrx_word' id='word_1_109' title='bbox 1644 1328 1846 1396; x_wconf 72' lang='grc' dir='ltr'><strong><em>δεικνύων,</em></strong></span> 
     </span>
     <span class='ocr_line' id='line_1_11' title="bbox 378 1421 1846 1514; baseline -0.002 -22"><span class='ocrx_word' id='word_1_110' title='bbox 378 1447 477 1514; x_wconf 83' lang='lat' dir='ltr'>quem</span> <span class='ocrx_word' id='word_1_111' title='bbox 493 1423 626 1493; x_wconf 76' lang='lat' dir='ltr'>dedisse</span> <span class='ocrx_word' id='word_1_112' title='bbox 649 1444 701 1491; x_wconf 89' lang='lat' dir='ltr'>me</span> <span class='ocrx_word' id='word_1_113' title='bbox 718 1433 872 1506; x_wconf 81' lang='lat' dir='ltr'><strong>autumo,</strong></span> <span class='ocrx_word' id='word_1_114' title='bbox 901 1422 1179 1512; x_wconf 82' lang='lat' dir='ltr'>quemadmodum</span> <span class='ocrx_word' id='word_1_115' title='bbox 1203 1444 1221 1488; x_wconf 92' lang='lat' dir='ltr'>e</span> <span class='ocrx_word' id='word_1_116' title='bbox 1243 1421 1323 1488; x_wconf 88' lang='lat' dir='ltr'>stilo</span> <span class='ocrx_word' id='word_1_117' title='bbox 1337 1422 1578 1491; x_wconf 72' lang='lat' dir='ltr'>Demosthenis</span> <span class='ocrx_word' id='word_1_118' title='bbox 1600 1426 1764 1506; x_wconf 86' lang='lat' dir='ltr'>manavit,</span> <span class='ocrx_word' id='word_1_119' title='bbox 1785 1425 1846 1489; x_wconf 91' lang='lat' dir='ltr'>uhi</span> 
     </span>
     <span class='ocr_line' id='line_1_12' title="bbox 382 1517 1866 1618; baseline -0.005 -18"><span class='ocrx_word' id='word_1_120' title='bbox 382 1549 534 1600; x_wconf 82' lang='lat' dir='ltr'>exemero</span> <span class='ocrx_word' id='word_1_121' title='bbox 564 1533 770 1612; x_wconf 71' lang='lat' dir='ltr'>leuantur,</span> <span class='ocrx_word' id='word_1_122' title='bbox 798 1527 887 1616; x_wconf 81' lang='lat' dir='ltr'>quod</span> <span class='ocrx_word' id='word_1_123' title='bbox 910 1527 1009 1596; x_wconf 84' lang='lat' dir='ltr'>obest</span> <span class='ocrx_word' id='word_1_124' title='bbox 1038 1549 1056 1594; x_wconf 83' lang='lat' dir='ltr'>a</span> <span class='ocrx_word' id='word_1_125' title='bbox 1084 1547 1136 1614; x_wconf 88' lang='lat' dir='ltr'>pr.</span> <span class='ocrx_word' id='word_1_126' title='bbox 1159 1531 1198 1592; x_wconf 82' lang='grc' dir='ltr'>Σ.</span> <span class='ocrx_word' id='word_1_127' title='bbox 1249 1523 1383 1594; x_wconf 84' lang='lat' dir='ltr'>Etenim</span> <span class='ocrx_word' id='word_1_128' title='bbox 1412 1549 1478 1595; x_wconf 88' lang='lat' dir='ltr'>non</span> <span class='ocrx_word' id='word_1_129' title='bbox 1506 1527 1753 1615; x_wconf 77' lang='lat' dir='ltr'>intelligentes,</span> <span class='ocrx_word' id='word_1_130' title='bbox 1782 1517 1866 1618; x_wconf 80' lang='lat' dir='ltr'>per·¹</span> 
     </span>
     <span class='ocr_line' id='line_1_13' title="bbox 381 1627 1850 1724; baseline 0.001 -28"><span class='ocrx_word' id='word_1_131' title='bbox 381 1632 521 1718; x_wconf 77' lang='lat' dir='ltr'>liguram</span> <span class='ocrx_word' id='word_1_132' title='bbox 544 1633 728 1716; x_wconf 83' lang='lat' dir='ltr'>zerrgmatis</span> <span class='ocrx_word' id='word_1_133' title='bbox 750 1633 785 1700; x_wconf 93' lang='lat' dir='ltr'>h.</span> <span class='ocrx_word' id='word_1_134' title='bbox 806 1633 831 1700; x_wconf 94' lang='lat' dir='ltr'>l.</span> <span class='ocrx_word' id='word_1_135' title='bbox 859 1635 957 1716; x_wconf 76' lang='grc' dir='ltr'><strong><em>λέγων</em></strong></span> <span class='ocrx_word' id='word_1_136' title='bbox 978 1651 1054 1697; x_wconf 89' lang='lat' dir='ltr'>esse</span> <span class='ocrx_word' id='word_1_137' title='bbox 1075 1627 1279 1716; x_wconf 83' lang='lat' dir='ltr'>cogitatione</span> <span class='ocrx_word' id='word_1_138' title='bbox 1299 1629 1540 1722; x_wconf 87' lang='lat' dir='ltr'>supplendum,</span> <span class='ocrx_word' id='word_1_139' title='bbox 1565 1633 1756 1724; x_wconf 85' lang='lat' dir='ltr'>proximum</span> <span class='ocrx_word' id='word_1_140' title='bbox 1774 1653 1850 1700; x_wconf 84' lang='lat' dir='ltr'>ver·</span> 
     </span>
     <span class='ocr_line' id='line_1_14' title="bbox 376 1731 1849 1824; baseline 0.001 -24"><span class='ocrx_word' id='word_1_141' title='bbox 376 1735 466 1803; x_wconf 86' lang='lat' dir='ltr'>hum</span> <span class='ocrx_word' id='word_1_142' title='bbox 486 1739 628 1804; x_wconf 72' lang='grc' dir='ltr'><strong><em>δεικνύων</em></strong></span> <span class='ocrx_word' id='word_1_143' title='bbox 649 1735 867 1824; x_wconf 81' lang='lat' dir='ltr'>arripuerunt</span> <span class='ocrx_word' id='word_1_144' title='bbox 889 1739 990 1821; x_wconf 86' lang='lat' dir='ltr'>utque</span> <span class='ocrx_word' id='word_1_145' title='bbox 1012 1733 1047 1799; x_wconf 93' lang='lat' dir='ltr'>in</span> <span class='ocrx_word' id='word_1_146' title='bbox 1069 1731 1217 1801; x_wconf 82' lang='lat' dir='ltr'>ordinem</span> <span class='ocrx_word' id='word_1_147' title='bbox 1237 1733 1416 1801; x_wconf 81' lang='lat' dir='ltr'>verborum</span> <span class='ocrx_word' id='word_1_148' title='bbox 1431 1737 1653 1808; x_wconf 85' lang='lat' dir='ltr'>intruserunt.</span> <span class='ocrx_word' id='word_1_149' title='bbox 1697 1735 1849 1824; x_wconf 83' lang='lat' dir='ltr'>Indeque</span> 
     </span>
     <span class='ocr_line' id='line_1_15' title="bbox 381 1835 1850 1927; baseline 0.001 -23"><span class='ocrx_word' id='word_1_150' title='bbox 381 1839 491 1908; x_wconf 89' lang='lat' dir='ltr'>locum</span> <span class='ocrx_word' id='word_1_151' title='bbox 515 1839 550 1904; x_wconf 88' lang='lat' dir='ltr'>in</span> <span class='ocrx_word' id='word_1_152' title='bbox 571 1835 720 1925; x_wconf 80' lang='lat' dir='ltr'>Lycurgi</span> <span class='ocrx_word' id='word_1_153' title='bbox 732 1837 915 1904; x_wconf 85' lang='lat' dir='ltr'>Leocratea</span> <span class='ocrx_word' id='word_1_154' title='bbox 937 1835 966 1916; x_wconf 72' lang='lat' dir='ltr'>t.</span> <span class='ocrx_word' id='word_1_155' title='bbox 979 1841 1012 1905; x_wconf 84' lang='lat' dir='ltr'>e.</span> <span class='ocrx_word' id='word_1_156' title='bbox 1036 1858 1070 1924; x_wconf 88' lang='lat' dir='ltr'>p.</span> <span class='ocrx_word' id='word_1_157' title='bbox 1086 1839 1162 1906; x_wconf 78' lang='grc'><strong>111.</strong></span> <span class='ocrx_word' id='word_1_158' title='bbox 1178 1842 1264 1904; x_wconf 83' lang='lat' dir='ltr'>extr.</span> <span class='ocrx_word' id='word_1_159' title='bbox 1285 1835 1360 1906; x_wconf 76' lang='grc' dir='ltr'><strong><em>δλλδ</em></strong></span> <span class='ocrx_word' id='word_1_160' title='bbox 1381 1835 1570 1924; x_wconf 76' lang='lat' dir='ltr'>lrdcdpria&#39;</span> <span class='ocrx_word' id='word_1_161' title='bbox 1590 1842 1710 1918; x_wconf 78' lang='grc' dir='ltr'><strong><em>ἐντοῖς</em></strong></span> <span class='ocrx_word' id='word_1_162' title='bbox 1731 1846 1850 1927; x_wconf 75' lang='grc' dir='ltr'><strong><em>πρότε-</em></strong></span> 
     </span>
    </p>

    <p class='ocr_par' dir='ltr' id='par_1_3' title="bbox 244 1939 1901 2334">
     <span class='ocr_line' id='line_1_16' title="bbox 244 1939 1850 2029; baseline 0.004 -24"><span class='ocrx_word' id='word_1_163' title='bbox 244 1969 250 1976; x_wconf 92' lang='grc'><strong><em>·</em></strong></span> <span class='ocrx_word' id='word_1_164' title='bbox 383 1965 439 2028; x_wconf 85' lang='grc' dir='ltr'>ρον</span> <span class='ocrx_word' id='word_1_165' title='bbox 459 1943 583 2026; x_wconf 82' lang='grc' dir='ltr'><strong><em>χρόνοις</em></strong></span> <span class='ocrx_word' id='word_1_166' title='bbox 601 1947 787 2023; x_wconf 72' lang='grc' dir='ltr'><strong><em>γεγενῆσθαι</em></strong></span> <span class='ocrx_word' id='word_1_167' title='bbox 812 1947 952 2007; x_wconf 81' lang='grc' dir='ltr'><strong><em>τοιοῦτον</em></strong></span> <span class='ocrx_word' id='word_1_168' title='bbox 980 1945 1073 2023; x_wconf 79' lang='grc' dir='ltr'><strong><em>μηδὲν</em></strong></span> <span class='ocrx_word' id='word_1_169' title='bbox 1095 1943 1172 2023; x_wconf 80' lang='grc' dir='ltr'>μήτε</span> <span class='ocrx_word' id='word_1_170' title='bbox 1191 1939 1225 2005; x_wconf 74' lang='grc' dir='ltr'>ἐν</span> <span class='ocrx_word' id='word_1_171' title='bbox 1246 1951 1313 2018; x_wconf 77' lang='grc' dir='ltr'><strong><em>τοῖς</em></strong></span> <span class='ocrx_word' id='word_1_172' title='bbox 1333 1945 1495 2027; x_wconf 75' lang='grc' dir='ltr'><strong><em>μέλλουσιν</em></strong></span> <span class='ocrx_word' id='word_1_173' title='bbox 1511 1944 1657 2021; x_wconf 73' lang='grc' dir='ltr'><strong><em>’δαίδοξον</em></strong></span> <span class='ocrx_word' id='word_1_174' title='bbox 1678 1939 1756 2011; x_wconf 75' lang='lat' dir='ltr'>elno</span> <span class='ocrx_word' id='word_1_175' title='bbox 1782 1969 1850 2029; x_wconf 79' lang='grc' dir='ltr'>γε·</span> 
     </span>
     <span class='ocr_line' id='line_1_17' title="bbox 383 2039 1853 2128; baseline 0.002 -18"><span class='ocrx_word' id='word_1_176' title='bbox 383 2047 531 2112; x_wconf 76' lang='grc' dir='ltr'><strong><em>νὲσθαι</em></strong></span> <span class='ocrx_word' id='word_1_177' title='bbox 566 2039 808 2128; x_wconf 86' lang='lat' dir='ltr'>emendandum</span> <span class='ocrx_word' id='word_1_178' title='bbox 843 2051 941 2110; x_wconf 87' lang='lat' dir='ltr'>antea</span> <span class='ocrx_word' id='word_1_179' title='bbox 972 2040 1039 2107; x_wconf 83' lang='lat' dir='ltr'>uidi</span> <span class='ocrx_word' id='word_1_180' title='bbox 1070 2061 1170 2127; x_wconf 89' lang='lat' dir='ltr'>quam</span> <span class='ocrx_word' id='word_1_181' title='bbox 1191 2039 1336 2108; x_wconf 78' lang='lat' dir='ltr'>Baitero</span> <span class='ocrx_word' id='word_1_182' title='bbox 1366 2043 1456 2110; x_wconf 92' lang='lat' dir='ltr'>idem</span> <span class='ocrx_word' id='word_1_183' title='bbox 1482 2046 1517 2112; x_wconf 93' lang='lat' dir='ltr'>in</span> <span class='ocrx_word' id='word_1_184' title='bbox 1548 2053 1690 2114; x_wconf 87' lang='lat' dir='ltr'>mentem</span> <span class='ocrx_word' id='word_1_185' title='bbox 1719 2048 1853 2113; x_wconf 85' lang='lat' dir='ltr'>venisse</span> 
     </span>
     <span class='ocr_line' id='line_1_18' title="bbox 382 2141 1849 2236; baseline 0.002 -25"><span class='ocrx_word' id='word_1_186' title='bbox 382 2145 546 2216; x_wconf 77' lang='lat' dir='ltr'>intellexi.</span> <span class='ocrx_word' id='word_1_187' title='bbox 590 2143 721 2212; x_wconf 87' lang='lat' dir='ltr'>Etenim</span> <span class='ocrx_word' id='word_1_188' title='bbox 742 2147 889 2231; x_wconf 71' lang='lat' dir='ltr'>perdetur</span> <span class='ocrx_word' id='word_1_189' title='bbox 911 2141 1088 2211; x_wconf 84' lang='lat' dir='ltr'>Beklserus</span> <span class='ocrx_word' id='word_1_190' title='bbox 1110 2143 1207 2211; x_wconf 86' lang='lat' dir='ltr'>dedit</span> <span class='ocrx_word' id='word_1_191' title='bbox 1226 2143 1390 2212; x_wconf 81' lang='lat' dir='ltr'>Loheclrii</span> <span class='ocrx_word' id='word_1_192' title='bbox 1417 2148 1544 2212; x_wconf 91' lang='lat' dir='ltr'>monitu</span> <span class='ocrx_word' id='word_1_193' title='bbox 1573 2171 1635 2236; x_wconf 87' lang='lat' dir='ltr'>pro</span> <span class='ocrx_word' id='word_1_194' title='bbox 1664 2170 1721 2230; x_wconf 92' lang='lat' dir='ltr'>co,</span> <span class='ocrx_word' id='word_1_195' title='bbox 1758 2148 1849 2236; x_wconf 87' lang='lat' dir='ltr'>quod</span> 
     </span>
     <span class='ocr_line' id='line_1_19' title="bbox 385 2244 1901 2334; baseline 0 -18"><span class='ocrx_word' id='word_1_196' title='bbox 385 2271 498 2321; x_wconf 88' lang='lat' dir='ltr'>omnes</span> <span class='ocrx_word' id='word_1_197' title='bbox 507 2249 588 2318; x_wconf 88' lang='lat' dir='ltr'>libri</span> <span class='ocrx_word' id='word_1_198' title='bbox 597 2247 720 2317; x_wconf 85' lang='lat' dir='ltr'>habent</span> <span class='ocrx_word' id='word_1_199' title='bbox 736 2253 992 2334; x_wconf 71' lang='grc' dir='ltr'><strong><em>γεγενῆσθαιε</em></strong></span> <span class='ocrx_word' id='word_1_200' title='bbox 1011 2244 1411 2312; x_wconf 84' lang='lat' dir='ltr'>hoeuoroValckenarius</span> <span class='ocrx_word' id='word_1_201' title='bbox 1426 2249 1459 2312; x_wconf 88' lang='lat' dir='ltr'>in</span> <span class='ocrx_word' id='word_1_202' title='bbox 1472 2255 1716 2332; x_wconf 70' lang='grc' dir='ltr'><strong><em>γενήσεσθαι</em></strong></span> <span class='ocrx_word' id='word_1_203' title='bbox 1731 2259 1846 2318; x_wconf 86' lang='lat' dir='ltr'>trans·</span> <span class='ocrx_word' id='word_1_204' title='bbox 1891 2315 1901 2326; x_wconf 77' lang='grc'><strong><em>,</em></strong></span> 
     </span>
    </p>

    <p class='ocr_par' dir='ltr' id='par_1_4' title="bbox 259 2347 1849 2852">
     <span class='ocr_line' id='line_1_20' title="bbox 259 2347 1847 2441; baseline 0.001 -21"><span class='ocrx_word' id='word_1_205' title='bbox 259 2431 263 2440; x_wconf 44' lang='grc'><em>,</em></span> <span class='ocrx_word' id='word_1_206' title='bbox 383 2354 559 2433; x_wconf 83' lang='lat' dir='ltr'>formavit,</span> <span class='ocrx_word' id='word_1_207' title='bbox 592 2372 676 2438; x_wconf 90' lang='lat' dir='ltr'>quae</span> <span class='ocrx_word' id='word_1_208' title='bbox 705 2350 848 2418; x_wconf 88' lang='lat' dir='ltr'>mutatio</span> <span class='ocrx_word' id='word_1_209' title='bbox 872 2347 915 2413; x_wconf 86' lang='lat' dir='ltr'>od</span> <span class='ocrx_word' id='word_1_210' title='bbox 932 2349 1080 2415; x_wconf 80' lang='lat' dir='ltr'>litteras</span> <span class='ocrx_word' id='word_1_211' title='bbox 1108 2349 1266 2433; x_wconf 79' lang='lat' dir='ltr'>vrrlgatae</span> <span class='ocrx_word' id='word_1_212' title='bbox 1295 2355 1350 2414; x_wconf 87' lang='lat' dir='ltr'>est</span> <span class='ocrx_word' id='word_1_213' title='bbox 1378 2351 1670 2422; x_wconf 78' lang='lat' dir='ltr'>accommodatior.</span> <span class='ocrx_word' id='word_1_214' title='bbox 1696 2357 1847 2441; x_wconf 72' lang='grc' dir='ltr'><strong><em>γενέσθαι</em></strong></span> 
     </span>
     <span class='ocr_line' id='line_1_21' title="bbox 385 2447 1849 2540; baseline 0.002 -18"><span class='ocrx_word' id='word_1_215' title='bbox 385 2465 496 2540; x_wconf 82' lang='lat' dir='ltr'>autem</span> <span class='ocrx_word' id='word_1_216' title='bbox 523 2454 742 2522; x_wconf 76' lang='lat' dir='ltr'>conformatur</span> <span class='ocrx_word' id='word_1_217' title='bbox 767 2456 842 2521; x_wconf 95' lang='lat' dir='ltr'>loco</span> <span class='ocrx_word' id='word_1_218' title='bbox 871 2450 1053 2518; x_wconf 79' lang='lat' dir='ltr'>Aeschinis</span> <span class='ocrx_word' id='word_1_219' title='bbox 1078 2447 1152 2518; x_wconf 78' lang='lat' dir='ltr'>adv.</span> <span class='ocrx_word' id='word_1_220' title='bbox 1176 2447 1329 2540; x_wconf 82' lang='lat' dir='ltr'>Ctesiph.</span> <span class='ocrx_word' id='word_1_221' title='bbox 1353 2454 1380 2536; x_wconf 67' lang='lat' dir='ltr'>t.</span> <span class='ocrx_word' id='word_1_222' title='bbox 1406 2456 1483 2524; x_wconf 77' lang='lat' dir='ltr'>let.</span> <span class='ocrx_word' id='word_1_223' title='bbox 1514 2456 1657 2535; x_wconf 76' lang='grc' dir='ltr'><strong><em>ἐπίδοξος</em></strong></span> <span class='ocrx_word' id='word_1_224' title='bbox 1678 2453 1714 2538; x_wconf 79' lang='grc' dir='ltr'>ἦν</span> <span class='ocrx_word' id='word_1_225' title='bbox 1735 2456 1849 2524; x_wconf 77' lang='grc' dir='ltr'><strong><em>ἁλῶναι</em></strong></span> 
     </span>
     <span class='ocr_line' id='line_1_22' title="bbox 386 2553 1848 2650; baseline 0.003 -28"><span class='ocrx_word' id='word_1_226' title='bbox 386 2558 542 2642; x_wconf 84' lang='lat' dir='ltr'>aliisque.</span> <span class='ocrx_word' id='word_1_227' title='bbox 606 2553 691 2620; x_wconf 82' lang='lat' dir='ltr'>Mihi</span> <span class='ocrx_word' id='word_1_228' title='bbox 719 2562 828 2622; x_wconf 88' lang='lat' dir='ltr'>tamen</span> <span class='ocrx_word' id='word_1_229' title='bbox 850 2553 987 2620; x_wconf 88' lang='lat' dir='ltr'>dubium</span> <span class='ocrx_word' id='word_1_230' title='bbox 1008 2574 1072 2618; x_wconf 91' lang='lat' dir='ltr'>non</span> <span class='ocrx_word' id='word_1_231' title='bbox 1093 2561 1162 2633; x_wconf 88' lang='lat' dir='ltr'>est,</span> <span class='ocrx_word' id='word_1_232' title='bbox 1198 2553 1279 2641; x_wconf 83' lang='lat' dir='ltr'>quin</span> <span class='ocrx_word' id='word_1_233' title='bbox 1305 2555 1491 2644; x_wconf 83' lang='lat' dir='ltr'>perlectum</span> <span class='ocrx_word' id='word_1_234' title='bbox 1525 2567 1711 2645; x_wconf 74' lang='grc' dir='ltr'><strong><em>γεγενῆσθαι</em></strong></span> <span class='ocrx_word' id='word_1_235' title='bbox 1744 2561 1848 2650; x_wconf 81' lang='lat' dir='ltr'>quum</span> 
     </span>
     <span class='ocr_line' id='line_1_23' title="bbox 385 2655 1847 2750; baseline 0.005 -24"><span class='ocrx_word' id='word_1_236' title='bbox 385 2660 530 2726; x_wconf 87' lang='lat' dir='ltr'>omnium</span> <span class='ocrx_word' id='word_1_237' title='bbox 551 2655 623 2742; x_wconf 63' lang='lat' dir='ltr'>lide⁸</span> <span class='ocrx_word' id='word_1_238' title='bbox 638 2657 801 2724; x_wconf 87' lang='lat' dir='ltr'>librorum</span> <span class='ocrx_word' id='word_1_239' title='bbox 824 2659 970 2738; x_wconf 85' lang='lat' dir='ltr'>nitatur,</span> <span class='ocrx_word' id='word_1_240' title='bbox 996 2659 1089 2722; x_wconf 90' lang='lat' dir='ltr'>nullo</span> <span class='ocrx_word' id='word_1_241' title='bbox 1111 2664 1223 2723; x_wconf 84' lang='lat' dir='ltr'>tamen</span> <span class='ocrx_word' id='word_1_242' title='bbox 1245 2665 1344 2746; x_wconf 84' lang='lat' dir='ltr'>pacto</span> <span class='ocrx_word' id='word_1_243' title='bbox 1366 2657 1501 2726; x_wconf 87' lang='lat' dir='ltr'>delendi</span> <span class='ocrx_word' id='word_1_244' title='bbox 1523 2664 1652 2750; x_wconf 80' lang='lat' dir='ltr'>possit,</span> <span class='ocrx_word' id='word_1_245' title='bbox 1674 2683 1715 2729; x_wconf 83' lang='lat' dir='ltr'>ex</span> <span class='ocrx_word' id='word_1_246' title='bbox 1739 2671 1847 2733; x_wconf 83' lang='lat' dir='ltr'>antec.</span> 
     </span>
     <span class='ocr_line' id='line_1_24' title="bbox 384 2759 1848 2852; baseline 0.001 -24"><span class='ocrx_word' id='word_1_247' title='bbox 384 2767 569 2848; x_wconf 68' lang='grc' dir='ltr'><strong><em>γενενῆσθαι</em></strong></span> <span class='ocrx_word' id='word_1_248' title='bbox 589 2782 766 2852; x_wconf 82' lang='lat' dir='ltr'>perperam</span> <span class='ocrx_word' id='word_1_249' title='bbox 780 2761 834 2828; x_wconf 88' lang='lat' dir='ltr'>hic</span> <span class='ocrx_word' id='word_1_250' title='bbox 857 2759 1018 2827; x_wconf 82' lang='lat' dir='ltr'>iteratum</span> <span class='ocrx_word' id='word_1_251' title='bbox 1037 2761 1084 2826; x_wconf 87' lang='lat' dir='ltr'>sit</span> <span class='ocrx_word' id='word_1_252' title='bbox 1107 2761 1370 2845; x_wconf 81' lang='lat' dir='ltr'>agrammaticis</span> <span class='ocrx_word' id='word_1_253' title='bbox 1391 2764 1473 2830; x_wconf 85' lang='lat' dir='ltr'>talis</span> <span class='ocrx_word' id='word_1_254' title='bbox 1489 2765 1678 2841; x_wconf 81' lang='lat' dir='ltr'>omissionis</span> <span class='ocrx_word' id='word_1_255' title='bbox 1702 2772 1761 2831; x_wconf 89' lang='lat' dir='ltr'>aut</span> <span class='ocrx_word' id='word_1_256' title='bbox 1777 2785 1848 2832; x_wconf 73' lang='lat' dir='ltr'>son</span> 
     </span>
    </p>

    <p class='ocr_par' dir='ltr' id='par_1_5' title="bbox 277 2861 1850 3057">
     <span class='ocr_line' id='line_1_25' title="bbox 277 2861 1850 2958; baseline 0 -26"><span class='ocrx_word' id='word_1_257' title='bbox 277 2953 281 2958; x_wconf 88' lang='lat'>.</span> <span class='ocrx_word' id='word_1_258' title='bbox 386 2863 588 2932; x_wconf 84' lang='lat' dir='ltr'>memorilrus</span> <span class='ocrx_word' id='word_1_259' title='bbox 619 2871 679 2932; x_wconf 86' lang='lat' dir='ltr'>aut</span> <span class='ocrx_word' id='word_1_260' title='bbox 699 2885 842 2954; x_wconf 86' lang='lat' dir='ltr'>prorsus</span> <span class='ocrx_word' id='word_1_261' title='bbox 872 2863 1006 2930; x_wconf 87' lang='lat' dir='ltr'>nesciis.</span> <span class='ocrx_word' id='word_1_262' title='bbox 1052 2861 1124 2930; x_wconf 83' lang='lat' dir='ltr'>Cir.</span> <span class='ocrx_word' id='word_1_263' title='bbox 1142 2861 1248 2932; x_wconf 66' lang='lat' dir='ltr'>‘Dem</span> <span class='ocrx_word' id='word_1_264' title='bbox 1276 2861 1367 2932; x_wconf 87' lang='lat' dir='ltr'>Phil.</span> <span class='ocrx_word' id='word_1_265' title='bbox 1387 2863 1420 2932; x_wconf 96' lang='lat' dir='ltr'>I.</span> <span class='ocrx_word' id='word_1_266' title='bbox 1450 2867 1477 2945; x_wconf 89' lang='lat'>§.</span> <span class='ocrx_word' id='word_1_267' title='bbox 1496 2869 1551 2938; x_wconf 85' lang='lat'>32.</span> <span class='ocrx_word' id='word_1_268' title='bbox 1581 2889 1615 2954; x_wconf 91' lang='lat' dir='ltr'>p.</span> <span class='ocrx_word' id='word_1_269' title='bbox 1635 2869 1690 2933; x_wconf 78' lang='grc'>49.</span> <span class='ocrx_word' id='word_1_270' title='bbox 1719 2863 1850 2951; x_wconf 80' lang='grc' dir='ltr'><strong><em>δαδρχει</em></strong></span> 
     </span>
     <span class='ocr_line' id='line_1_26' title="bbox 385 2964 1551 3057; baseline -0.001 -24"><span class='ocrx_word' id='word_1_271' title='bbox 385 2975 638 3057; x_wconf 75' lang='grc' dir='ltr'><strong><em>χρῆσθαι-καὶ</em></strong></span> <span class='ocrx_word' id='word_1_272' title='bbox 658 2966 679 3038; x_wconf 65' lang='lat' dir='ltr'>ic*</span> <span class='ocrx_word' id='word_1_273' title='bbox 698 2965 758 3056; x_wconf 70' lang='grc' dir='ltr'>χρὴ</span> <span class='ocrx_word' id='word_1_274' title='bbox 780 2971 845 3054; x_wconf 85' lang='lat' dir='ltr'>(se.</span> <span class='ocrx_word' id='word_1_275' title='bbox 868 2965 1031 3051; x_wconf 74' lang='grc' dir='ltr'><strong><em>ὖπᾶρχειν)</em></strong></span> <span class='ocrx_word' id='word_1_276' title='bbox 1052 2969 1258 3052; x_wconf 75' lang='grc' dir='ltr'><strong><em>στρατεύματι</em></strong></span> <span class='ocrx_word' id='word_1_277' title='bbox 1278 2965 1377 3033; x_wconf 74' lang='grc' dir='ltr'><strong><em>πάνθ’</em></strong></span> <span class='ocrx_word' id='word_1_278' title='bbox 1395 2964 1551 3053; x_wconf 73' lang='grc' dir='ltr'><strong><em>διιοίρχειν.</em></strong></span> 
     </span>
    </p>
   </div>
   <div class='ocr_carea' id='block_1_2' title="bbox 254 3203 1960 4236">
    <p class='ocr_par' dir='ltr' id='par_1_6' title="bbox 452 3203 1851 3296">
     <span class='ocr_line' id='line_1_27' title="bbox 452 3203 1851 3296; baseline -0.004 -18"><span class='ocrx_word' id='word_1_279' title='bbox 452 3223 454 3228; x_wconf 85' lang='grc'><strong>’</strong></span> <span class='ocrx_word' id='word_1_280' title='bbox 495 3211 569 3278; x_wconf 83' lang='lat' dir='ltr'>Neo</span> <span class='ocrx_word' id='word_1_281' title='bbox 593 3213 702 3276; x_wconf 90' lang='lat' dir='ltr'>solum</span> <span class='ocrx_word' id='word_1_282' title='bbox 724 3211 759 3274; x_wconf 90' lang='lat' dir='ltr'>in</span> <span class='ocrx_word' id='word_1_283' title='bbox 779 3204 973 3272; x_wconf 88' lang='lat' dir='ltr'>omittendis</span> <span class='ocrx_word' id='word_1_284' title='bbox 988 3203 1301 3296; x_wconf 81' lang='lat' dir='ltr'>supprimendisque</span> <span class='ocrx_word' id='word_1_285' title='bbox 1319 3205 1381 3286; x_wconf 87' lang='lat' dir='ltr'>iis,</span> <span class='ocrx_word' id='word_1_286' title='bbox 1403 3225 1508 3292; x_wconf 89' lang='lat' dir='ltr'>quae,</span> <span class='ocrx_word' id='word_1_287' title='bbox 1530 3205 1562 3271; x_wconf 86' lang='lat' dir='ltr'>si</span> <span class='ocrx_word' id='word_1_288' title='bbox 1577 3206 1722 3292; x_wconf 84' lang='lat' dir='ltr'>cogitata</span> <span class='ocrx_word' id='word_1_289' title='bbox 1739 3205 1851 3274; x_wconf 90' lang='lat' dir='ltr'>omnia</span> 
     </span>
    </p>

    <p class='ocr_par' dir='ltr' id='par_1_7' title="bbox 389 3306 1851 3398">
     <span class='ocr_line' id='line_1_28' title="bbox 389 3306 1851 3398; baseline -0.001 -22"><span class='ocrx_word' id='word_1_290' title='bbox 389 3309 500 3376; x_wconf 79' lang='lat' dir='ltr'>uerbis</span> <span class='ocrx_word' id='word_1_291' title='bbox 528 3313 814 3398; x_wconf 79' lang='lat' dir='ltr'>exprimerentur,</span> <span class='ocrx_word' id='word_1_292' title='bbox 842 3306 1025 3373; x_wconf 77' lang='lat' dir='ltr'>adiicienda</span> <span class='ocrx_word' id='word_1_293' title='bbox 1053 3319 1184 3391; x_wconf 87' lang='lat' dir='ltr'>essent,</span> <span class='ocrx_word' id='word_1_294' title='bbox 1210 3309 1352 3374; x_wconf 88' lang='lat' dir='ltr'>libertas</span> <span class='ocrx_word' id='word_1_295' title='bbox 1380 3308 1440 3392; x_wconf 85' lang='lat' dir='ltr'>illa</span> <span class='ocrx_word' id='word_1_296' title='bbox 1465 3308 1676 3398; x_wconf 86' lang='lat' dir='ltr'>vividiorque</span> <span class='ocrx_word' id='word_1_297' title='bbox 1705 3309 1851 3379; x_wconf 78' lang='lat' dir='ltr'>Graeco·</span> 
     </span>
    </p>

    <p class='ocr_par' dir='ltr' id='par_1_8' title="bbox 390 3410 1851 3503">
     <span class='ocr_line' id='line_1_29' title="bbox 390 3410 1851 3503; baseline -0.002 -23"><span class='ocrx_word' id='word_1_298' title='bbox 390 3435 464 3480; x_wconf 90' lang='lat' dir='ltr'>rum</span> <span class='ocrx_word' id='word_1_299' title='bbox 489 3410 622 3478; x_wconf 90' lang='lat' dir='ltr'>dicendi</span> <span class='ocrx_word' id='word_1_300' title='bbox 649 3413 738 3480; x_wconf 91' lang='lat' dir='ltr'>ratic</span> <span class='ocrx_word' id='word_1_301' title='bbox 760 3413 939 3503; x_wconf 88' lang='lat' dir='ltr'>conspicua</span> <span class='ocrx_word' id='word_1_302' title='bbox 971 3420 1040 3494; x_wconf 90' lang='lat' dir='ltr'>cst,</span> <span class='ocrx_word' id='word_1_303' title='bbox 1081 3415 1321 3480; x_wconf 85' lang='lat' dir='ltr'>verumetiam</span> <span class='ocrx_word' id='word_1_304' title='bbox 1345 3411 1381 3478; x_wconf 90' lang='lat' dir='ltr'>in</span> <span class='ocrx_word' id='word_1_305' title='bbox 1402 3415 1504 3480; x_wconf 84' lang='lat' dir='ltr'>celeri</span> <span class='ocrx_word' id='word_1_306' title='bbox 1527 3421 1771 3482; x_wconf 74' lang='lat' dir='ltr'>oomtnccttom&#39;e</span> <span class='ocrx_word' id='word_1_307' title='bbox 1790 3420 1851 3477; x_wconf 84' lang='grc' dir='ltr'><strong><em>δια-</em></strong></span> 
     </span>
    </p>

    <p class='ocr_par' dir='ltr' id='par_1_9' title="bbox 388 3511 1960 3712">
     <span class='ocr_line' id='line_1_30' title="bbox 388 3511 1852 3610; baseline -0.001 -28"><span class='ocrx_word' id='word_1_308' title='bbox 388 3523 584 3582; x_wconf 75' lang='lat' dir='ltr'>mutationes</span> <span class='ocrx_word' id='word_1_309' title='bbox 612 3533 711 3604; x_wconf 89' lang='lat' dir='ltr'>quam</span> <span class='ocrx_word' id='word_1_310' title='bbox 737 3515 871 3605; x_wconf 88' lang='lat' dir='ltr'>quidem</span> <span class='ocrx_word' id='word_1_311' title='bbox 902 3515 1023 3582; x_wconf 89' lang='lat' dir='ltr'>tollere</span> <span class='ocrx_word' id='word_1_312' title='bbox 1055 3521 1157 3603; x_wconf 87' lang='lat' dir='ltr'>atque</span> <span class='ocrx_word' id='word_1_313' title='bbox 1186 3513 1230 3582; x_wconf 88' lang='lat' dir='ltr'>ad</span> <span class='ocrx_word' id='word_1_314' title='bbox 1250 3517 1420 3603; x_wconf 82' lang='lat' dir='ltr'>uulgarem</span> <span class='ocrx_word' id='word_1_315' title='bbox 1445 3511 1595 3610; x_wconf 81' lang='lat' dir='ltr'>ordinem</span> <span class='ocrx_word' id='word_1_316' title='bbox 1617 3535 1779 3603; x_wconf 89' lang='lat' dir='ltr'>usumque</span> <span class='ocrx_word' id='word_1_317' title='bbox 1800 3513 1852 3580; x_wconf 92' lang='lat' dir='ltr'>lo-</span> 
     </span>
     <span class='ocr_line' id='line_1_31' title="bbox 389 3613 1960 3712; baseline -0.003 -26"><span class='ocrx_word' id='word_1_318' title='bbox 389 3613 513 3709; x_wconf 85' lang='lat' dir='ltr'>quendi</span> <span class='ocrx_word' id='word_1_319' title='bbox 535 3639 692 3686; x_wconf 85' lang='lat' dir='ltr'>revocare</span> <span class='ocrx_word' id='word_1_320' title='bbox 722 3642 786 3686; x_wconf 90' lang='lat' dir='ltr'>non</span> <span class='ocrx_word' id='word_1_321' title='bbox 814 3641 879 3687; x_wconf 92' lang='lat' dir='ltr'>uno</span> <span class='ocrx_word' id='word_1_322' title='bbox 897 3620 984 3685; x_wconf 79' lang='lat' dir='ltr'>loco</span> <span class='ocrx_word' id='word_1_323' title='bbox 1007 3617 1189 3686; x_wconf 85' lang='lat' dir='ltr'>studebant</span> <span class='ocrx_word' id='word_1_324' title='bbox 1218 3626 1390 3686; x_wconf 86' lang='lat' dir='ltr'>oratorum</span> <span class='ocrx_word' id='word_1_325' title='bbox 1416 3619 1631 3712; x_wconf 86' lang='lat' dir='ltr'>interpretes.</span> <span class='ocrx_word' id='word_1_326' title='bbox 1679 3620 1851 3687; x_wconf 51' lang='lat' dir='ltr'>¹Oratores</span> <span class='ocrx_word' id='word_1_327' title='bbox 1956 3629 1960 3636; x_wconf 86' lang='lat'>&#39;</span> 
     </span>
    </p>

    <p class='ocr_par' dir='ltr' id='par_1_10' title="bbox 389 3719 1848 3815">
     <span class='ocr_line' id='line_1_32' title="bbox 389 3719 1848 3815; baseline -0.004 -23"><span class='ocrx_word' id='word_1_328' title='bbox 389 3726 477 3792; x_wconf 86' lang='lat' dir='ltr'>enlm</span> <span class='ocrx_word' id='word_1_329' title='bbox 499 3721 712 3814; x_wconf 85' lang='lat' dir='ltr'>potissimum</span> <span class='ocrx_word' id='word_1_330' title='bbox 736 3722 871 3815; x_wconf 87' lang='lat' dir='ltr'>abrepti</span> <span class='ocrx_word' id='word_1_331' title='bbox 889 3724 1003 3811; x_wconf 70' lang='lat' dir='ltr'>rigore</span> <span class='ocrx_word' id='word_1_332' title='bbox 1029 3722 1192 3788; x_wconf 88' lang='lat' dir='ltr'>orationis</span> <span class='ocrx_word' id='word_1_333' title='bbox 1215 3728 1250 3790; x_wconf 90' lang='lat' dir='ltr'>et</span> <span class='ocrx_word' id='word_1_334' title='bbox 1270 3742 1442 3806; x_wconf 87' lang='lat' dir='ltr'>caussam,</span> <span class='ocrx_word' id='word_1_335' title='bbox 1464 3743 1563 3812; x_wconf 88' lang='lat' dir='ltr'>quam</span> <span class='ocrx_word' id='word_1_336' title='bbox 1579 3720 1713 3803; x_wconf 91' lang='lat' dir='ltr'>dicunt,</span> <span class='ocrx_word' id='word_1_337' title='bbox 1740 3719 1848 3814; x_wconf 80' lang='lat' dir='ltr'>magis</span> 
     </span>
    </p>

    <p class='ocr_par' dir='ltr' id='par_1_11' title="bbox 392 3825 1850 3918">
     <span class='ocr_line' id='line_1_33' title="bbox 392 3825 1850 3918; baseline -0.005 -22"><span class='ocrx_word' id='word_1_338' title='bbox 392 3851 491 3918; x_wconf 81' lang='lat' dir='ltr'>quam</span> <span class='ocrx_word' id='word_1_339' title='bbox 514 3827 615 3896; x_wconf 83' lang='lat' dir='ltr'>verba</span> <span class='ocrx_word' id='word_1_340' title='bbox 636 3833 812 3918; x_wconf 82' lang='lat' dir='ltr'>curantes,</span> <span class='ocrx_word' id='word_1_341' title='bbox 836 3826 1005 3896; x_wconf 88' lang='lat' dir='ltr'>interdum</span> <span class='ocrx_word' id='word_1_342' title='bbox 1029 3827 1128 3894; x_wconf 87' lang='lat' dir='ltr'>etiam</span> <span class='ocrx_word' id='word_1_343' title='bbox 1153 3826 1407 3893; x_wconf 88' lang='lat' dir='ltr'>commotionem</span> <span class='ocrx_word' id='word_1_344' title='bbox 1422 3825 1605 3891; x_wconf 73' lang='lat' dir='ltr'>animorum</span> <span class='ocrx_word' id='word_1_345' title='bbox 1626 3825 1680 3891; x_wconf 83' lang='lat' dir='ltr'>vel</span> <span class='ocrx_word' id='word_1_346' title='bbox 1695 3826 1850 3915; x_wconf 80' lang='lat' dir='ltr'>plausum</span> 
     </span>
    </p>

    <p class='ocr_par' dir='ltr' id='par_1_12' title="bbox 254 3925 1874 4023">
     <span class='ocr_line' id='line_1_34' title="bbox 254 3925 1874 4023; baseline -0.006 -23"><span class='ocrx_word' id='word_1_347' title='bbox 254 3935 258 3944; x_wconf 86' lang='lat'>&#39;</span> <span class='ocrx_word' id='word_1_348' title='bbox 389 3935 502 4020; x_wconf 84' lang='lat' dir='ltr'>potios</span> <span class='ocrx_word' id='word_1_349' title='bbox 524 3935 712 4009; x_wconf 85' lang='lat' dir='ltr'>sectantes,</span> <span class='ocrx_word' id='word_1_350' title='bbox 739 3951 839 4018; x_wconf 86' lang='lat' dir='ltr'>quam</span> <span class='ocrx_word' id='word_1_351' title='bbox 867 3932 1000 4017; x_wconf 84' lang='lat' dir='ltr'>singula</span> <span class='ocrx_word' id='word_1_352' title='bbox 1019 3930 1123 3998; x_wconf 74' lang='lat' dir='ltr'>verba</span> <span class='ocrx_word' id='word_1_353' title='bbox 1153 3929 1197 3996; x_wconf 87' lang='lat' dir='ltr'>ad</span> <span class='ocrx_word' id='word_1_354' title='bbox 1224 3939 1317 3996; x_wconf 88' lang='lat' dir='ltr'>arcta</span> <span class='ocrx_word' id='word_1_355' title='bbox 1346 3927 1510 4023; x_wconf 80' lang='lat' dir='ltr'>quaedam</span> <span class='ocrx_word' id='word_1_356' title='bbox 1533 3925 1732 4013; x_wconf 90' lang='lat' dir='ltr'>disciplinae</span> <span class='ocrx_word' id='word_1_357' title='bbox 1754 3939 1874 4018; x_wconf 14' lang='lat' dir='ltr'>prae-A</span> 
     </span>
    </p>

    <p class='ocr_par' dir='ltr' id='par_1_13' title="bbox 392 4028 1864 4124">
     <span class='ocr_line' id='line_1_35' title="bbox 392 4028 1864 4124; baseline -0.002 -26"><span class='ocrx_word' id='word_1_358' title='bbox 392 4041 498 4122; x_wconf 87' lang='lat' dir='ltr'>cepta·</span> <span class='ocrx_word' id='word_1_359' title='bbox 518 4032 821 4117; x_wconf 79' lang='lat' dir='ltr'>accommodantes,</span> <span class='ocrx_word' id='word_1_360' title='bbox 861 4055 961 4123; x_wconf 85' lang='lat' dir='ltr'>saepe</span> <span class='ocrx_word' id='word_1_361' title='bbox 984 4033 1083 4101; x_wconf 89' lang='lat' dir='ltr'>obliti</span> <span class='ocrx_word' id='word_1_362' title='bbox 1108 4055 1168 4110; x_wconf 88' lang='lat' dir='ltr'>ea,</span> <span class='ocrx_word' id='word_1_363' title='bbox 1207 4055 1293 4122; x_wconf 91' lang='lat' dir='ltr'>quae</span> <span class='ocrx_word' id='word_1_364' title='bbox 1322 4035 1445 4124; x_wconf 88' lang='lat' dir='ltr'>primo·</span> <span class='ocrx_word' id='word_1_365' title='bbox 1461 4028 1633 4112; x_wconf 85' lang='lat' dir='ltr'>dixerant,</span> <span class='ocrx_word' id='word_1_366' title='bbox 1666 4030 1864 4098; x_wconf 58' lang='lat' dir='ltr'>orationem*</span> 
     </span>
    </p>

    <p class='ocr_par' dir='ltr' id='par_1_14' title="bbox 393 4125 1852 4236">
     <span class='ocr_line' id='line_1_36' title="bbox 393 4125 1852 4236; baseline -0.007 -30"><span class='ocrx_word' id='word_1_367' title='bbox 393 4133 494 4206; x_wconf 83' lang='lat' dir='ltr'>aliter</span> <span class='ocrx_word' id='word_1_368' title='bbox 518 4139 726 4218; x_wconf 82' lang='lat' dir='ltr'>conforment</span> <span class='ocrx_word' id='word_1_369' title='bbox 748 4159 847 4228; x_wconf 84' lang='lat' dir='ltr'>quam</span> <span class='ocrx_word' id='word_1_370' title='bbox 869 4137 1144 4236; x_wconf 70' lang='lat' dir='ltr'>exspectabatur,</span> <span class='ocrx_word' id='word_1_371' title='bbox 1171 4144 1207 4204; x_wconf 90' lang='lat' dir='ltr'>et</span> <span class='ocrx_word' id='word_1_372' title='bbox 1229 4144 1435 4207; x_wconf 86' lang='lat' dir='ltr'>structuram</span> <span class='ocrx_word' id='word_1_373' title='bbox 1451 4133 1627 4203; x_wconf 79' lang='lat' dir='ltr'>verborum</span> <span class='ocrx_word' id='word_1_374' title='bbox 1643 4133 1684 4203; x_wconf 87' lang='lat' dir='ltr'>ab</span> <span class='ocrx_word' id='word_1_375' title='bbox 1698 4125 1852 4203; x_wconf 86' lang='lat' dir='ltr'>inchoata</span> 
     </span>
    </p>
   </div>
   <div class='ocr_carea' id='block_1_3' title="bbox 0 0 2072 4754">
    <p class='ocr_par' dir='ltr' id='par_1_15' title="bbox 0 0 2072 4754">
     <span class='ocr_line' id='line_1_37' title="bbox 0 0 2072 4754; baseline 0 0"><span class='ocrx_word' id='word_1_376' title='bbox 0 0 2072 4754; x_wconf 95' lang='lat' dir='ltr'> </span> 
     </span>
    </p>
   </div>
  </div>
 </body>
</html>
