4122 4944
299 477 405 544 tinere
430 469 600 567 temporo,
631 473 692 544 sad
711 473 752 543 do
773 463 980 564 temporibus
1006 477 1138 544 omnino
1161 474 1268 567 deque
1287 485 1474 572 temporum
1495 481 1682 556 rationibus
1708 487 1759 556 in·
1861 515 1875 526 ·

298 581 522 666 tolligendum·
542 603 629 648 esse.
685 578 726 646 ld
751 580 836 646 enim
861 583 951 647 clarc
974 569 1083 648 elucet
1111 604 1130 648 e
1157 584 1393 670 sequentihus,
1424 586 1546 674 quihus
1567 587 1759 660 Aeschines

294 683 339 768 (i.
353 686 425 768 oo.)
439 694 477 750 ut
490 683 632 765 crimen,
660 703 726 770 quo
742 680 982 772 Cersohlepten
1000 685 1252 770 tergiversando
1273 709 1406 776 pessum
1422 688 1559 758 dedisse
1574 687 1760 774 dicebatur,

297 808 319 852 a
352 809 388 852 sc
412 793 560 867 auertat,
598 785 646 850 dc
675 784 961 872 temporibus,
993 808 1055 874 per
1084 811 1170 875 quae
1189 786 1429 878 Gersohicptoc
1456 815 1552 882 opem
1579 794 1670 862 ferre
1691 795 1758 864 sihi
1820 779 1824 789 x

297 889 549 970 conticuisset,
582 887 873 976 onteasrponit,
895 895 1497 980 quamscnatusconsultumth
1513 897 1582 984 tl.)
1601 904 1758 966 ettcm-
1761 940 1763 944 ·

296 1013 374 1078 pus
398 987 467 1074 (τὸν
485 991 633 1077 zochor),
665 1013 730 1078 ιιιιο
752 989 837 1058 illud
857 992 963 1058 latum
984 1000 1093 1076 essct,
1120 995 1257 1060 recitari
1280 994 1381 1061 iubet.
1430 995 1547 1083 Atque
1575 1000 1657 1066 haec
1680 1002 1757 1090 qui·
1853 1047 1860 1064 .

296 1089 371 1159 dem
392 1101 580 1182 temporum
602 1093 759 1160 memoria
781 1115 842 1159 cur
861 1103 1034 1162 reservata
1052 1096 1197 1163 inerit
1186 1118 1220 1162 ιιι
1242 1096 1386 1186 puhlicis
1409 1097 1592 1182 litteris,
1580 1123 1615 1168 ιιι
1621 1105 1755 1190 'aperto

296 1202 368 1274 cst,
400 1217 501 1282 quum
528 1195 716 1286 proiidrism
738 1203 817 1262 tunc
847 1205 979 1282 gereret
1003 1207 1159 1286 essetque
1183 1211 1268 1265 unns
1299 1221 1338 1265 ex
1360 1201 1483 1286 legatis
1506 1202 1753 1274 Demosthenes

296 1297 341 1382 (d-
355 1303 409 1368 9⁰.
433 1299 732 1384 Δημοσέίεἰηςι)Η
718 1327 752 1367 εν
771 1325 815 1388 cop
799 1305 924 1390 idipso
942 1305 1112 1388 προήδρευε
1131 1305 1242 1369 τούτου
1259 1309 1315 1368 τοῦ
1333 1299 1443 1387 μηιὸς,
1470 1299 1514 1382 εἷς
1532 1303 1576 1373 uio
1593 1313 1655 1374 ocio
1672 1311 1756 1396 πρέ·

293 1407 393 1482 optem
414 1399 530 1493 ἑβδόμη
554 1395 748 1488 piissimos).
790 1399 957 1488 Quocirca
978 1405 1061 1469 nihil
1082 1401 1291 1472 mutandum.

399 1501 533 1570 Deinde
552 1506 616 1570 huc
638 1504 786 1592 pertinet
806 1524 906 1570 error
930 1505 978 1570 ihi
1001 1507 1216 1587 commissus,
1252 1505 1311 1572 uhi
1331 1504 1460 1592 aliquid
1482 1512 1680 1596 tanquam
1703 1512 1754 1580 ia·

230 1613 235 1626 ·
291 1609 380 1670 ctum
403 1605 546 1688 dieitur,
576 1608 664 1694 quod
682 1613 795 1673 tameo
816 1608 941 1674 facturn
965 1630 1030 1675 non
1052 1631 1127 1676 csso
1149 1615 1209 1676 aut
1229 1629 1270 1674 ex
1291 1610 1454 1676 orationis
1474 1619 1631 1678 contextu
1653 1615 1754 1683 intei-

289 1701 410 1795 ligitur
437 1717 496 1776 sut
516 1712 648 1776 omnino
678 1717 786 1777 mente
810 1711 992 1798 cogitatur.
1045 1711 1111 1779 Hic
1134 1712 1221 1778 enim
1249 1713 1447 1800 plerumque
1469 1715 1713 1800 negationem
1701 1739 1753 1786 su·

289 1820 419 1879 trusam
443 1815 634 1880 noluerunt.
669 1810 797 1902 ¹Locus
819 1821 873 1880 est
900 1815 935 1881 in
956 1815 1211 1884 Aeschinis'or.
1232 1821 1270 1884 da
1293 1815 1334 1882 F.
1356 1813 1439 1900 Leg.
1467 1816 1494 1896 t.
1517 1819 1591 1887 153.
1615 1839 1649 1906 ιι.
1673 1820 1753 1892 318.

289 1913 407 1998 ἧγεῖτιιι
436 1913 471 1977 d’
494 1913 571 1978 ὅταν
591 1941 621 1978 τι
644 1918 790 1996 ψεύδηται
810 1925 872 1983 τῶν
899 1921 998 2000 λόγων
1023 1918 1116 2002 ὅρκος
1147 1911 1226 1983 κατὰ
1250 1925 1311 1982 τῶν
1334 1915 1544 2000 ἀναισχύντων
1569 1917 1752 2006 ὀφθαλμῶν,

292 2021 356 2082 και
381 2008 426 2080 roi
441 2016 695 2098 γεγενημένα
724 2014 768 2078 ov
793 2021 914 2099 μόνον
942 2015 990 2092 ὥς
1018 2018 1108 2082 ἔστι
1134 2019 1255 2098 λέγει,
1284 2009 1359 2078 otini
1388 2023 1440 2080 καὶ
1461 2013 1514 2095 τὴν
1535 2019 1652 2104 ἧμέοαν
1678 2018 1751 2112 ἕνῇ

289 2124 363 2202 φησι
384 2117 552 2235 ιενείιθιιι·Ι
584 2115 642 2200 qui
661 2116 777 2182 multis
798 2123 855 2182 est·
873 2117 1075 2182 coniectoris
1095 2115 1137 2180 ab
1160 2113 1401 2203 interpretibus
1423 2124 1574 2186 rexatus.
1619 2115 1750 2188 Gesan-

275 2219 395 2294 ,nonus
418 2218 504 2282 enim
526 2220 564 2280 ad
586 2215 814 2304 Theophrasti
833 2218 954 2288 Charr.
968 2215 1072 2284 Vlll.
1092 2224 1127 2283 et
1148 2212 1432 2283 Marklandus
1391 2246 1434 2285 τα
1456 2196 1505 2303 po)
1534 2229 1750 2308 percoqui·
1819 2281 1824 2291 .

287 2347 348 2404 ιιι,
369 2317 570 2386 Weiskius:
600 2315 875 2408 κᾷταγεγενημένα
893 2319 936 2396 ὡς
955 2322 1021 2388 ἐστι
1040 2319 1253 2385 scribendum
1271 2321 1504 2407 suspicantur,
1525 2326 1748 2409 naqrrcetiam

286 2421 463 2490 Behkerus
493 2445 555 2511 pro
580 2445 661 2489 sano
682 2421 783 2488 hahet
809 2425 938 2503 locum,
967 2422 1027 2509 qui
1046 2419 1176 2510 priores
1199 2420 1284 2487 duas
1308 2422 1578 2488 coniecturasin'
1599 2429 1747 2514 margine

286 2533 532 2594 commemoret.
583 2525 675 2591 Mihi·
690 2546 768 2589 vero
791 2529 927 2609 vulgata
948 2523 1082 2590 detondi
1104 2545 1170 2590 non
1193 2522 1289 2589 modo
1314 2544 1435 2610 posse,
1465 2523 1525 2590 sed
1547 2528 1601 2594 sei
1618 2528 1747 2597 dehere
1833 2549 1838 2556 ·

286 2627 430 2720 videtur.
485 2625 576 2691 Nom
604 2627 760 2710 quoniam
789 2624 1015 2690 antedictum
1045 2632 1114 2690 est:
1150 2625 1457 2709 ὅτιντιιιιειὶΜιηται
1492 2649 1576 2716 opus
1599 2652 1664 2696 non
1692 2642 1747 2700 est
1808 2693 1813 2699 .

286 2748 373 2795 nunc
395 2727 476 2792 hoec
491 2725 580 2792 iacta
603 2732 700 2813 ψευδῆ
719 2731 897 2804 vocentur,
918 2725 999 2790 hoco
1022 2725 1107 2790 enim
1129 2744 1190 2811 per
1210 2745 1247 2787 ss
1269 2725 1524 2812 intelliguntur,
1551 2738 1590 2796 ut
1611 2733 1680 2800 sint
1695 2757 1746 2817 eo,
1778 2731 1786 2740 ’

171 2841 174 2847 ’
229 2811 254 2848 ⁸
286 2851 373 2921 quaa
393 2827 639 2896 Demosthenes
671 2834 789 2892 narrat
811 2832 969 2916 tanquam
991 2827 1099 2907 fecta,
1134 2824 1381 2890 Demosthenes
1404 2829 1521 2913 quasi,
1555 2831 1578 2898 i.
1602 2855 1631 2901 e.
1653 2836 1745 2918 ficta,
1778 2866 1782 2872 ·

228 2923 233 2937 “
286 2935 386 3001 irrisa.
447 2931 724 3018 Seusnsigitur:
760 2931 923 3021 factorpm
953 2952 1019 2995 non
1042 2927 1140 2995 modo
1163 2927 1311 2993 affirmat
1337 2929 1531 3009 ueritatem,
1561 2933 1647 3002 iacta
1678 2959 1744 3005 nou

285 3059 361 3106 csse
388 3034 486 3103 modo
508 3035 672 3116 affirmet,
700 3035 937 3100 verumetiam
962 3031 1068 3111 diem,
1097 3052 1161 3119 quo
1183 3032 1245 3098 illa
1270 3031 1359 3097 iacta
1382 3030 1468 3111 sint,
1509 3033 1634 3100 definit.
1688 3037 1745 3106 Ita

285 3142 392 3208 multo
419 3141 519 3204 etiam
551 3139 657 3224 magis
686 3137 878 3223 arrogantia
907 3135 1147 3203 Demosthenis
1174 3143 1209 3201 et
1241 3132 1446 3222 impudentis
1476 3135 1510 3199 in
1541 3137 1742 3221 mentiendo,

265 3237 385 3331 ¹(puram
408 3242 533 3310 intexta
553 3239 730 3328 negatione
744 3241 954 3332 exprimitur.
997 3236 1090 3306 Nost
1120 3235 1237 3316 chn
1259 3258 1297 3302 er
1316 3241 1410 3322 liigt,
1440 3238 1495 3316 ist,
1507 3259 1545 3302 er
1559 3255 1604 3304 'so
1622 3261 1742 3328 unver-

284 3345 433 3422 sonant,
468 3341 542 3408 dois
570 3365 607 3410 er
634 3337 726 3409 nicht
748 3364 813 3408 nur
841 3341 895 3409 die
911 3341 1095 3408 Wahr'heit
1120 3337 1179 3406 der
1194 3339 1408 3406 Thotsaehen
1428 3341 1629 3424 versichert,
1663 3365 1741 3414 son-

267 3447 368 3516 vdern
391 3444 474 3510 auch
496 3441 561 3509 den
579 3444 656 3532 Tog
676 3445 812 3530 ongieht
834 3452 902 3516 etc.
957 3442 1063 3512 Plane
1093 3444 1142 3510 sio
1173 3443 1322 3530 loquitur
1343 3441 1540 3510 Andocides
1563 3443 1605 3511 de
1627 3447 1747 3547 ιιιιίἰῐιιΙ
1776 3449 1780 3455 ’
1808 3485 1813 3493 -

202 3551 212 3580 '
283 3556 311 3636 d.
327 3551 380 3619 14.
404 3542 665 3635 (Pisandes)
631 3576 667 3616 το
688 3555 819 3634 πρᾶγμα
830 3547 921 3630 ἤδη
919 3555 983 3616 πᾶν
1003 3545 1151 3635 dampetro
1159 3573 1200 3624 ως
1222 3546 1407 3634 ἐπέπρακτο.
1468 3544 1553 3612 Rem
1581 3553 1659 3616 veho
1689 3551 1737 3617 ita

279 3653 389 3720 fuisse
407 3647 603 3718 Andocides
623 3671 766 3772 prorsus
787 3658 898 3738 negat.

392 3753 537 3820 Omnino
557 3752 677 3820 dici
644 3755 698 3821 ιιιῖι
720 3762 851 3841 potest,
878 3761 960 3842 quot
973 3754 1042 3820 sint
1062 3761 1096 3819 et
1109 3759 1233 3842 quanta
1254 3758 1590 3844 propternegotioncs
1612 3755 1736 3830 temere

282 3864 342 3924 eut
365 3855 495 3927 delatas
520 3861 579 3922 aut
610 3849 754 3924 inferias
782 3855 997 3923 librariorum
1022 3863 1123 3944 atque
1151 3855 1317 3923 editorum
1340 3862 1471 3936 errato,
1500 3858 1541 3917 ut
1567 3849 1734 3920 interdum

282 3957 369 4048 quid
386 3981 500 4030 verum
523 3959 569 4026 sit
578 4003 591 4037 ,
620 3957 703 4050 quid
724 3960 865 4042 fulsum,
894 3980 1013 4028 eruere
1037 3981 1158 4054 anceps
1180 3981 1255 4027 esse
1268 3958 1434 4026 videatur.
1477 3953 1638 4040 Exempla
1655 3953 1734 4023 affe·

279 4085 374 4148 ram,
401 4087 487 4154 quae
508 4063 585 4132 huic
609 4065 701 4148 loco,
730 4081 798 4154 ιιιιι
819 4085 955 4134 errores
974 4070 1114 4158 propter
1140 4061 1334 4232 liberiorezn
1363 4055 1527 4130 orationis
1549 4057 1734 4128 conforma-
